2825 4850
502 285 1135 408 33333333.

343 511 416 585 fere
432 510 566 609 ubique
591 509 660 603 feci
687 513 776 603 (non
794 509 886 615 dico,
907 511 1066 628 semper:
1095 512 1243 626 quippe,
1271 514 1341 610 qui

343 637 397 709 ad
397 629 592 730 Typorum
610 633 743 708 forulos
756 607 897 722 sedent,
924 659 992 710 non
1009 619 1142 734 semper
1174 636 1344 706 monenti

343 757 557 848 auscultant)
582 776 622 828 ut
639 757 784 848 majores
801 757 1018 853 minoresque
1036 775 1148 853 partes
1167 757 1346 828 uniuscu-
1383 759 1387 766 '

340 878 466 976 jusque
482 879 566 961 libri
580 880 779 974 legentibus
797 878 902 958 edient
919 878 1028 974 probe
1045 880 1210 980 cog'pitqe.
1246 879 1343 951 Hoc

344 1003 440 1073 idem
459 1001 493 1072 in
509 1003 616 1073 Notis
634 1001 758 1098 saepius
774 1000 1039 1099 significandum
1058 1001 1123 1073 ess'e
1149 1001 1280 1088 censui,
1301 1003 1343 1073 in

261 1127 266 1132 ’
343 1123 476 1218 quibus
492 1124 681 1220 praecipuae
698 1145 825 1222 partes,
843 1125 879 1196 δε
892 1123 986 1218 quast
999 1124 1112 1224 capita
1126 1125 1233 1196 totiu's
1247 1149 1342 1220 ope·

345 1248 393 1318 ris
410 1247 457 1316 ita
472 1245 744 1350 distinguuntur,
766 1265 805 1320 ut
821 1246 924 1324 facile
941 1249 1082 1334 constet,
1108 1273 1195 1356 quo
1197 1247 1339 1348 ordine,

343 1393 485 1472 quaque
499 1369 665 1440 methodo
678 1370 797 1442 omnia
809 1369 844 1441 in
859 1358 1001 1466 lingulis
1018 1369 1115 1451 libris
1129 1369 1340 1446 tractentur.

343 1489 413 1562 Sed
431 1490 557 1566 dehoc
575 1489 665 1566 satis.
698 1491 741 1562 In
754 1491 958 1574 Contextu
950 1510 1034 1563 1tem
1051 1491 1087 1564 id
1105 1489 1203 1564 effeci
1217 1493 1338 1585 (voiui

339 1607 493 1710 'quidem
511 1611 632 1708 certe),
659 1634 699 1686 ut
716 1615 861 1688 aliarum
879 1613 1074 1692 editionum
1104 1599 1241 1689 urendae
1268 1616 1337 1698 tol-

344 1731 573 1831 letentur,''&
599 1738 737 1812 ncbulae
767 1736 1028 1824 discuterentur,
1054 1761 1134 1834 quae
1155 1736 1336 1811 Ciceronis

348 1865 385 1931 dr
402 1861 518 1932 verbis
534 1862 571 1932 &
597 1879 779 1957 argument
767 1860 954 1942 rationibus
989 1859 1192 1995 plurimis
1184 1883 1220 1930 ru
1247 1857 1337 1933 locis

348 1983 600 2078 impenderent.
651 1981 752 2054 Huic
773 2007 842 2056 nrcr
831 1983 986 2056 laboris
1005 1999 1094 2080 partt
1084 1980 1237 2079 saepius
1254 2005 1337 2112 prp-

348 2105 419 2178 suit
442 2105 509 2214 alia
526 2105 597 2178 loci
613 2107 870 2208 interpondioz
906 2107 948 2181 de
976 2130 1045 2203 qua
1074 2107 1136 2188 vix
1164 2073 1337 2199 umquain

347 2250 381 2299 te
401 2230 522 2302 monui
541 2231 575 2300 in
591 2229 723 2312 Notis;
751 2254 964 2338 quamquam
984 2231 1019 2310 δε
1034 2229 1092 2299 hic
1111 2229 1153 2298 de
1167 2228 1338 2314 Cicerone

348 2354 438 2422 bcne
456 2351 613 2424 meruisse
632 2352 718 2426 mihi
735 2353 867 2438 uideor.
922 2351 1040 2424 Prima
1067 2351 1149 2440 uero
1181 2349 1269 2422 mihi
1298 2351 1337 2420 33

343 2465 427 2567 'ante
451 2476 570 2570 omnia
596 2500 679 2554 cura
696 2470 844 2559 fuieut
805 2476 970 2571 utquid
988 2475 1110 2549 Cicero
1127 2476 1212 2557 olim
1229 2472 1337 2581 scrip-

343 2594 420 2669 sdic
438 2593 658 2686 uideretur,J
651 2596 839 2673 udicando
864 2617 925 2682 aur
951 2595 1183 2699 excogitando
1201 2592 1337 2665 inueni·

349 2744 447 2790 retu:
470 2720 517 2789 ob
545 2743 622 2787 eam
653 2741 725 2787 rem
745 2732 873 2786 veteres
891 2718 1029 2789 codices
1048 2720 1085 2790 δι
1103 2716 1280 2812 impreffo's
1298 2716 1336 2788 &

344 2840 493 2945 scriptos
512 2838 737 2925 consulendos
755 2838 820 2912 effe
838 2839 950 2924 statui
992 2841 1048 2930 Ad
1061 2863 1210 2927 manum
1229 2838 1337 2931 habui

347 2968 466 3063 plures
491 2982 637 3043 veteres
648 2961 864 3049 editiones,
856 2982 944 3035 mter
968 2987 1054 3060 quas
1082 2961 1336 3099 Mpguntinam

343 3088 462 3192 illam,
488 3083 648 3165 omniurn
668 3084 831 3181 primam,
840 3084 924 3156 sed
953 3110 1022 3169 nou
1038 3084 1212 3183 omnium
1242 3086 1335 3183 opti-

326 3230 460 3295 mam,
490 3229 599 3315 quarn
628 3206 858 3301 imprcffit
830 3208 987 3300 johannes
1018 3194 1138 3301 Fufi
1124 3197 1181 3301 an,
1217 3210 1333 3303 1465:

344 3330 503 3433 itemque
520 3328 720 3411 Romanam
738 3330 902 3430 primam,'
928 3331 1103 3425 cursuum
1121 3354 1247 3425 nomen
1275 3357 1335 3447 ap-

348 3453 535 3559 posuerunt
562 3452 723 3542 conradus
755 3454 1016 3551 3333333333,
1002 3454 1041 3541 dc
1064 3456 1165 3543 Arnol
1152 3452 1219 3525 ldur
1244 3454 1334 3526 Pan-

346 3601 406 3671 333
408 3590 436 3644 3
453 3598 508 3644 33
527 3573 643 3671 1469:
670 3575 730 3649 has
750 3595 788 3645 ut
776 3578 892 3648 tendas
913 3576 1001 3670 mihi
1019 3576 1260 3671 commodavit
1280 3602 1333 3649 ce-

349 3698 553 3769 lcbcrrimus
581 3698 750 3785 medicus,
784 3701 819 3769 δι
847 3674 935 3770 bene
967 3700 1010 3769 de
1040 3698 1152 3769 doctis
1180 3697 1279 3795 merit
1282 3724 1333 3791 33,

348 3818 528 3894 urchardus
547 3819 658 3919 Mcad.
712 3822 838 3954 Μ13333
842 3821 911 3945 iarn
930 3821 982 3892 vir
1006 3824 1093 3920 (qua
1112 3819 1332 3927 3113333333-

351 3968 356 3975 ·
1248 3936 1331 4036 tate)
