2825 4850
625 344 713 426 Da
759 345 1076 426 Or'r1c11s

375 535 435 620 nis
449 531 602 644 epistola
618 532 672 616 est
694 534 741 617 ad
764 534 823 616 M.
843 532 983 632 filium,
1012 535 1053 614 in
1067 529 1169 644 qua¹²
1185 530 1345 632 scribit,

374 645 412 728 se
441 643 580 726 audifl'e
607 673 700 726 eum
737 642 893 726 millum
923 647 1069 726 fanum
1096 643 1214 724 eflea
1242 675 1345 726 con-

374 755 467 854 sule,
496 758 587 842 edm
601 755 642 836 in
660 754 914 838 Macedonia*
935 757 1081 840 Persico
1100 757 1201 836 bello
1223 755 1346 835 miles

251 879 256 886 '
374 865 491 949 ellet:
520 886 653 949 monet
670 865 804 976 igitur,
831 887 875 948 ut
901 887 1042 966 caveat,
1072 897 1120 946 ne
1150 867 1344 972 praelium

373 978 506 1074 ineat;
536 999 649 1090 negat
677 978 783 1068 enim
804 979 869 1088 jus
895 979 981 1077 elle,
1011 977 1079 1092 qui
1107 977 1221 1060 miles
1257 1007 1343 1058 non

371 1091 432 1187 fit,
461 1119 629 1217 pugnare
648 1119 741 1172 cum
760 1090 876 1172 hoste.

430 1203 625 1314 Equidem
653 1200 750 1282 illud
774 1200 891 1282 etiam
909 1199 1182 1294 animadverto,
1211 1199 1340 1308 qudd,

374 1313 442 1426 qui
461 1313 612 1425 proprio
629 1312 786 1406 nomine
805 1311 1006 1420 perduellis
1024 1308 1127 1406 ess'et,
1160 1309 1192 1389 is
1211 1309 1339 1390 hostis

372 1445 584 1523 vocaretur,
614 1423 768 1507 lenitate
792 1422 898 1530 verbi
931 1421 1122 1504 tristitiam
1152 1420 1204 1502 rei
1226 1419 1338 1502 miti·

405 1555 521 1616 ante:
552 1533 668 1616 hostis
695 1533 802 1618 enirn
827 1535 926 1642 apud
951 1535 1111 1642 majores
1130 1531 1280 1612 nostros
1304 1531 1337 1610 is

375 1566 601 1745 dicebatur,
617 1674 737 1755 quem
765 1675 869 1726 nunc
887 1645 1133 1754 peregrinum
1153 1642 1338 1726 dicimus·

200 1853 204 1866 ¹
375 1758 552 1842 Indicant
584 1757 787 1838 duodecim
815 1759 968 1852 tabulae,
998 1763 1099 1834 *aut
1108 1757 1232 1862 status
1265 1755 1337 1836 dies

198 1876 201 1888 '
252 1953 257 1958 ,
374 1899 453 1949 cum
471 1871 581 1976 hosle:
611 1869 783 1978 itemque
818 1853 1023 1949 baduinus
1051 1867 1173 1974 hostem
1198 1887 1337 1948 aeterno

374 1981 577 2098 austeritas.
636 1979 745 2106 Qid
779 1980 825 2059 ad
864 1979 974 2064 hanc,
1000 1975 1334 2168 mansuetudingrp

1245 2119 1265 2170 a
1320 2120 1332 2172 1

373 2245 546 2326 irrepserint,
559 2250 625 2310 cim
638 2251 742 2330 Operis
757 2251 839 2329 hujus
862 2253 946 2332 Legis
960 2254 1020 2312 haec
1033 2252 1091 2312 est:
1118 2251 1157 2323 is,
1181 2249 1233 2327 qui
1250 2249 1329 2325 judi-

373 2327 482 2387 codices
499 2328 564 2387 MSi
577 2333 747 2408 complures,
769 2353 841 2412 quo·
862 2333 906 2390 cio
920 2332 971 2394 sisti
991 2330 1147 2410 promiserit
1160 2329 1327 2399 aduersario,

375 2428 438 2467 rum
465 2405 515 2485 ipsi
538 2411 688 2477 nonnullos
709 2411 842 2485 vidimus,
862 2411 1012 2473 secundini
1044 2408 1120 2467 suam
1143 2410 1189 2469 vei
1217 2407 1329 2484 fidejus-

375 2642 527 2721 Cbaprnan.
655 2684 659 2692 ·
754 2592 772 2649 g
799 2696 801 2701 ,
864 2646 972 2725 respicit
985 2646 1099 2705 Plautus
1123 2643 1152 2701 iu
1166 2642 1284 2703 Curcul.
1300 2644 1327 2701 Ι.

383 2732 386 2736 ’
407 2720 590 2809 ·(l1)'scribit]
614 2722 659 2779 Sic
680 2722 842 2859 Lanffius&
862 2725 881 2783 i.
900 2742 926 2803 ς.
942 2725 1001 2783 ubi.
1022 2723 1057 2783 de
1069 2724 1184 2781 Venere
1199 2728 1224 2781 δι
1239 2720 1326 2799 Cupi·

373 2797 519 2857 Vielouue
534 2822 540 2855 z
553 2800 593 2857 'fic
614 2807 639 2859 δι
654 2800 721 2859 MSi
781 2803 841 2860 ead,
861 2803 926 2861 dine
940 2802 1022 2873 dicit,

373 2895 417 2953 pr.
433 2876 519 2950 Cant.
533 2882 561 2935 δι
580 2894 635 2935 tres
650 2878 747 2956 Regii,
774 2901 839 2938 cum
899 2884 928 2939 Si
930 2881 1034 2956 status,
1046 2881 1179 2937 condidus
1188 2901 1246 2946 cum
1259 2878 1325 2956 hoste

373 2952 463 3012 tribus
477 2954 557 3016 aliis:
587 2956 679 3026 rediit
711 2978 774 3019 nam
799 2959 840 3017 se·
938 2962 1078 3019 intercedit
1090 2960 1156 3029 dies,

371 3032 489 3166 poentio
509 3035 595 3095 verba
612 3052 695 3125 monet
717 3041 744 3094 δι
761 3048 842 3133 nfgqr
902 3036 998 3097 Tamen
1012 3037 1046 3113 est
1058 3038 1193 3108 eundum,
1207 3058 1256 3113 quo
1275 3040 1323 3093 im·

371 3112 840 3276 utastgnptgpeangraeffielgenfopeemntpolpec·
863 3130 1222 3269 AGilllititiuii'glsatiiim
1232 3192 1264 3251 de
1274 3193 1319 3250 de-

370 3266 432 3325 Vul
454 3268 599 3349 &scripiſse
859 3275 932 3333 lediu
965 3272 1089 3333 militum
1130 3271 1316 3331 Romanorum

340 3344 348 3361 ⁸
415 3287 454 3420 (ii
471 3346 573 3425 Perstco
584 3347 662 3421 bello]
685 3348 704 3407 i.
720 3370 747 3408 e.
766 3351 841 3410 bello
860 3369 965 3431 ageret,
988 3352 1103 3411 eandem
1117 3349 1250 3427 loquendi
1269 3349 1321 3407 for«

370 3442 437 3481 cum
451 3425 551 3485 Perseo
563 3426 619 3486 sive
630 3428 722 3501 Perse,
742 3431 841 3499 Mace-
861 3433 966 3491 mulam
980 3441 1020 3491 ex‘
1030 3446 1124 3489 vetere
1133 3426 1321 3503 illorumjura-

369 3501 478 3560 donum
501 3525 579 3584 rege.
620 3507 687 3566 Hoc
706 3507 736 3565 in
759 3508 841 3567 Fastis
860 3523 956 3569 mento
986 3507 1122 3587 protulit}
1163 3506 1229 3570 dieze
1251 3506 1320 3569 enim

370 3578 539 3659 Capitolinis
554 3584 646 3644 vocari
660 3584 756 3647 bellum
771 3588 840 3647 Per·
857 3587 1027 3664 juramento,
1054 3606 1112 3665 quo
1131 3585 1169 3656 se,
1194 3600 1227 3643 ut
1248 3584 1318 3643 ades-

359 3658 554 3735 ficummonet
567 3662 720 3721 Fabritius.
742 3726 744 3732 ,
861 3667 930 3740 sent,
946 3666 1047 3725 milites
1061 3662 1235 3743 obligabant,
1253 3665 1319 3723 haue

406 3738 454 3813 sa)
470 3756 521 3797 aut
518 3740 612 3815 status
622 3743 678 3814 diis
688 3766 747 3805 cum
757 3742 838 3819 haefie]
860 3745 914 3805 uni
940 3765 1005 3803 cum
1022 3742 1091 3805 aliie
1108 3739 1325 3803 additamfuille‘

362 3814 466 3906 ‚Festus
488 3817 558 3877 dicit
578 3829 644 3878 eum
657 3822 838 3897 diemstatum
858 3822 1066 3901 exceptionem,
1096 3823 1129 3899 st
1140 3822 1231 3896 status
1261 3843 1316 3877 con·

308 3966 311 3973 Ι
366 3914 474 3969 vocam,
498 3897 549 3974 qui
557 3897 660 3975 judicii
673 3900 837 3960 causiacum
859 3904 981 3978 dillusve
995 3892 1209 3975 dieecum'hefie.

367 3970 456 4046 hoste,
484 3973 506 4032 i.
521 3996 548 4035 e.
572 3976 721 4055 peregrino
737 3980 836 4038 consti·
902 3980 947 4052 (b)
970 3980 1101 4038 advertiis
1121 3978 1212 4053 histem
1226 3993 1317 4035 aterna

367 4066 444 4112 tutus
464 4052 513 4114 est.
533 4057 538 4066 ’
579 4055 735 4116 Sententia
752 4056 839 4137 igitur
858 4054 1020 4135 auctoritas]
1044 4058 1189 4122 Adversis
1202 4057 1315 4140 peregri-

1246 4154 1313 4200 nlllll
