2825 4850
241 430 296 509 14
658 385 747 478 DE
792 395 1111 478 OF'FICI'YS'

403 585 615 684 necessaria,
645 585 877 698 anquirat&
895 607 999 694 paret
1017 617 1028 680 3
1058 605 1103 668 ut
1121 581 1287 696 pastum,
1321 596 1373 673 li't

402 699 574 798 latibula,
601 718 646 779 ut
675 701 748 780 alia
771 697 919 809 generis
945 699 1127 809 ejusdem.
1193 709 1207 738 ‘⁸
1236 703 1372 784 Com-

401 840 524 904 mune
553 811 652 891 item
682 807 940 891 animantium
968 809 1151 892 omnium
1179 809 1235 891 est
1268 841 1371 894 con·v

393 923 606 1036 junslionia
638 922 841 1032 appetitus,
866 921 1104 1031 'procreandi
1141 923 1278 1022 caulla,
1325 933 1371 1008 dc

400 1059 494 1117 cura
523 1035 703 1144 quaedam
741 1063 891 1132 eorum,
919 1062 1009 1144 quae
1034 1053 1227 1143 procreata
1260 1035 1371 1119 sunt.

402 1147 477 1228 Sed
505 1145 604 1254 inter
635 1144 839 1227 hominem
864 1149 904 1228 ἃ
923 1147 1077 1226 beluam
1096 1145 1171 1226 hoc
1189 1147 1370 1230 maxime

399 1257 579 1352 interest3
607 1258 711 1369 qudd
741 1258 826 1338 haec
844 1275 1011 1354 tantum,
1045 1277 1236 1368 quantum
1255 1257 1371 1342 sensu

401 1391 594 1466 movetur,
636 1370 684 1450 ad
715 1369 755 1448 id
783 1369 920 1464 solum,
967 1371 1071 1479 quod
1094 1368 1208 1467 adest,
1237 1373 1369 1480 quod-

400 1513 478 1592 que
495 1481 656 1590 praesens
683 1481 751 1578 est',
780 1480 816 1560 se
835 1482 1114 1579 accommodat,
1143 1481 1370 1590 paullulum

401 1593 615 1674 admodum
633 1591 794 1672 sentiens
808 1589 1136 1700 praeteritum'aut
1155 1595 1367 1676 futurum:

401 1703 682 1802 homonum,
711 1703 895 1814 quoniam
915 1703 1069 1784 rationis
1092 1703 1146 1784 est
1158 1703 1368 1815 particeps,

402 1843 472 1924 per
491 1845 610 1926 quam
628 1814 896 1924 consequentia
913 1815 1048 1913 cernit,
1078 1815 1216 1896 caufl'as
1232 1847 1371 1900 rerum

401 1927 522 2028 videt,
548 1919 576 2023 ἶ
590 1956 798 2037 earumque
832 1925 1052 2037 praegr'esl'us
1071 1932 1109 2009 δι
1135 1929 1237 2038 quasi
1256 1945 1371 2011 ante'·

1178 2041 1375 2124 ceffiones

397 2235 512 2312 pffcnr,
532 2233 594 2292 ben?
606 2233 677 2311 fient
701 2231 729 2290 er*
748 2233 871 2305 dicenda,
892 2252 935 2310 pr.
948 2232 1038 2292 Mert.
1052 2252 1095 2312 pr.
1111 2231 1172 2292 Pal.
1186 2231 1241 2292 sec.
1264 2233 1373 2297 inuno

402 2319 458 2371 &c.
491 2313 530 2370 Et
542 2311 609 2370 ibid.
624 2333 675 2368 non
687 2317 788 2378 omnia,
799 2333 871 2389 quae-
892 2309 1016 2385 Gifanii,
1045 2310 1177 2378 Turnebi
1200 2311 1302 2385 tribus,
1341 2323 1371 2375 δι

400 2414 512 2471 eumque
529 2393 673 2471 loquimur,
693 2389 762 2449 mihi
772 2393 871 2449 viden·
893 2409 948 2449 uno
961 2389 1106 2451 Lambini.
1147 2391 1246 2471 Vulgi)
1259 2392 1371 2471 legitur

391 2487 460 2545 ur,
481 2478 535 2531 dcc.
575 2471 611 2531 In
638 2472 725 2529 Tuscr
747 2469 819 2549 disp·
843 2492 871 2529 v.
884 2472 1052 2549 progreffus:
1065 2468 1121 2533 „sed
1137 2488 1193 2529 vox
1213 2474 1372 2547 autecqfflo·

400 2552 431 2609 6.
452 2557 502 2629 qui
527 2554 617 2608 omnia
634 2548 765 2621 humana,
796 2571 870 2629 quae-
890 2572 944 2623 nes,
964 2549 1166 2628 quaeproximd
1180 2550 1319 2629 sequitur,
1342 2558 1373 2611 δι

399 2651 512 2706 tamque
525 2630 654 2685 'accidere
671 2630 787 2705 prffunt,
812 2625 870 2687 &a
891 2628 958 2685 huic
983 2626 1084 2705 copulrl
1110 2628 1277 2701 annedlitur,
1302 2630 1372 2690 satis

401 2709 445 2765 At
469 2706 499 2764 in
524 2703 639 2783 vulgati
668 2706 788 2765 ledlione
818 2706 872 2765 ite·
891 2704 1008 2765 ostendit
1040 2704 1207 2767 Ciceronem
1234 2705 1375 2787 scripsisse

398 2785 472 2845 tatio
483 2784 662 2863 syllabarum,
682 2807 743 2863 que,
760 2808 833 2861 quae,
847 2790 872 2844 δι
885 2786 1053 2865 praegrrffits',
1068 2788 1296 2875 nonprogrffc53
1315 2789 1374 2847 ali·

399 2884 452 2943 que
463 2863 492 2920 in
505 2862 614 2921 duabus
632 2863 749 2921 vocibus
760 2864 873 2921 auribus
891 2878 933 2921 ter
959 2863 1036 2921 enim
1073 2864 1200 2941 (opinor)
1234 2864 1373 2927 ordinem

295 2984 301 3008 ,
399 2944 442 3003 ita
460 2941 579 3000 insuavis
599 2940 650 3013 est,
670 2958 703 2999 ut
725 2962 758 3001 ea
780 2940 797 2999 l
820 2941 871 3000 Ci-
892 2943 1041 3003 verborum
1067 2943 1208 3011 mutasset,
1239 2942 1374 3004 dixisset·

401 3039 504 3081 cetone
517 3016 644 3099 professa
656 3020 709 3079 elle
722 3039 780 3093 non
793 3020 872 3081 vide·
891 3041 1099 3099 querarumque
1108 3024 1186 3099 quast
1192 3024 1374 3099 anteceffirnes

400 3117 475 3159 atur.
893 3098 1083 3179 &progrffrs
1093 3122 1143 3156 non
1155 3107 1274 3179 ignorat.
1297 3100 1331 3159 N
1333 3124 1373 3160 o-

444 3178 490 3257 (e)
513 3178 656 3237 Commune
665 3176 734 3237 item
748 3183 872 3237 animan·
893 3179 1007 3237 tandum
1025 3176 1063 3237 est
1081 3178 1179 3253 etiarn,
1200 3199 1252 3257 per
1263 3188 1373 3240 uocem

399 3258 486 3333 tium]
508 3258 555 3317 Sic
580 3257 730 3336 legendum
757 3257 873 3317 omnino
893 3280 985 3315 earum
996 3254 1043 3315 hic
1052 3256 1173 3335 intelligi
1181 3258 1295 3327 debere,
1306 3278 1372 3320 non

399 3339 606 3409 videtur3non,
618 3336 754 3413 utvulgd‚
765 3353 870 3395 autem:
894 3359 996 3407 rerum,
1017 3335 1063 3393 sed
1081 3338 1233 3411 cauffiarum
1254 3359 1372 3399 rerum.-

400 3414 504 3475 dealio
517 3414 605 3488 enim,
626 3415 672 3474 sed
693 3436 750 3473 non
763 3431 872 3474 contra·
894 3416 937 3474 Ut
960 3413 1063 3475 Cicero
1085 3414 1152 3475 dicit
1165 3415 1195 3473 in
1214 3434 1240 3474 c.
1265 3436 1309 3494 19.
1328 3416 1373 3477 de

399 3494 455 3568 rio,
478 3492 662 3553 animantium
680 3493 809 3572 appetitu
822 3493 872 3553 Ci-
894 3494 974 3553 Fato.
1013 3496 1128 3565 Dicent,
1148 3496 1179 3571 fi
1197 3499 1287 3551 omnia
1291 3498 1372 3571 fato

398 3594 466 3633 cero
490 3572 614 3630 disturus
635 3572 683 3632 est.
737 3573 791 3631 Ista
817 3592 873 3631 vox
913 3572 1135 3651 erentq'usmodi,
1157 3572 1373 3650 utnibilfieret

398 3658 465 3710 item
477 3647 555 3711 extat
568 3650 598 3710 in
615 3650 693 3710 Edit.
706 3650 873 3729 Leodegarii
893 3658 922 3709 ni
937 3652 1137 3786 fraegrefflone
1156 3654 1261 3727 causta,
1282 3652 1372 3729 confi-

398 3728 417 3789 ὲ
444 3734 574 3806 Qercu,
595 3735 621 3789 δι
636 3728 790 3799 Lambini;
820 3728 872 3787 ita·
895 3746 935 3788 ten
957 3754 1000 3787 um
1029 3732 1073 3805 effi
1085 3734 1155 3809 sato
1171 3728 1241 3807 fieri
1261 3736 1368 3792 omnia.

397 3829 457 3887 que
484 3808 635 3887 legendum
675 3808 730 3867 esse
765 3807 874 3866 monuit
895 3808 1085 3868 Maturantius
1112 3810 1185 3869 redii
1213 3808 1371 3887 explicasse

396 3886 526 3947 Davisius
547 3887 578 3945 in
596 3886 676 3945 Noti
695 3885 817 3966 quddam
838 3885 873 3945 ad
892 3888 969 3945 hunc
983 3888 1076 3945 locum
1087 3888 1215 3947 videtur:
1232 3888 1304 3946 Non
1319 3888 1368 3946 so-

347 4023 349 4026 .
396 3965 448 4025 lib.
463 3965 495 4025 ii.
508 3970 543 4024 de
554 3966 681 4025 Divinat.
695 3987 723 4024 c.
741 3984 768 4027 1.
868 4038 869 4041 Ἴ
892 3966 950 4025 ltim
964 3964 1085 4045 (inquit)
1094 3964 1164 4045 ipsas
1176 3986 1269 4026 rerum
1282 3968 1368 4026 caus-

437 4043 484 4120 (f)
526 4068 670 4123 earumque
701 4043 872 4125 praegraffics]
892 4044 1366 4135 sasuidet,quaeplerumqueaper-

395 4120 470 4203 Hac
479 4145 535 4186 uox
545 4141 624 4185 extat
637 4124 667 4184 in
677 4124 758 4187 MSis
773 4124 870 4186 Mead.
891 4126 960 4185 tae&
974 4120 1125 4187 manifeste
1139 4124 1214 4203 sunt,
1225 4123 1367 4215 'utnim'ra

1290 4222 1366 4264 aens
1409 4220 1410 4237 ¹
