2825 4850
346 359 558 444 Lrnan
606 361 643 442 1:
697 387 736 442 a.

73 551 271 635 summum
287 551 436 633 bonurn
449 555 500 632 fic
512 549 689 648 instituit,
719 542 1027 633 ut'nilrilhabeat

77 694 163 749 cum
188 663 330 744 virtute
362 666 643 773 conjunctum
674 662 790 772 idque
810 660 884 744 suis
918 691 1026 746 corn-

76 774 213 874 modiS,
243 805 321 856 non
337 775 545 856 ‘honestate
571 773 761 868 metitur;
790 773 871 871 hic,
907 773 1027 854 fifibi

45 947 52 956 -
72 885 148 994 ipse
167 886 392 984 consentiat,
421 891 460 968 &
479 917 558 968 non
576 886 773 967 interdurn
791 905 937 967 naturae
959 887 1026 966 bo·

72 998 192 1081 nitate
211 998 403 1096 vincatur,
432 1028 557 1108 neque
575 997 787 1080 amicitiam
806 1001 929 1079 colere
944 997 1027 1106 pos·

71 1111 129 1206 fit,
172 1139 245 1191 nec
267 1110 472 1220 justitiam,
502 1137 574 1190 nec
599 1107 889 1191 liberalitatem:
920 1109 1029 1190 sortis

71 1220 175 1320 verb,
206 1223 379 1302 dolorem
410 1221 613 1304 summum
641 1221 792 1302 malum
822 1219 1027 1330 judicans;

71 1351 137 1414 aut
152 1354 383 1443 temperans,
403 1335 643 1442 voluptatem
661 1329 863 1412 summum
883 1333 1032 1425 bonum

71 1446 253 1544 statuens,
273 1444 344 1528 elle
361 1444 462 1526 'certe
481 1446 590 1525 nullo
607 1444 727 1525 modo
743 1442 876 1554 potest.
915 1447 1032 1548 Quae,

72 1584 314 1668 quamquam
332 1557 385 1639 ita
403 1555 490 1637 sunt
507 1555 549 1636 in
570 1575 768 1670 promptu,
798 1574 843 1636 ut
870 1583 928 1636 res
959 1555 1031 1636 dis-

71 1666 272 1775 putatione
309 1699 388 1749 non
424 1687 546 1779 egeat,
584 1665 674 1747 sunt
706 1669 885 1752 tamenb
922 1667 1034 1748 nobis
1127 1695 1132 1710 ·

71 1779 83 1819 ¹
105 1778 182 1859 alio
200 1781 286 1859 loco
305 1778 501 1889 disputata.
558 1782 636 1859 Hae
662 1777 870 1888 disciplinae
898 1779 1031 1890 igitur,

73 1893 100 1972 fi
123 1889 193 1970 fibi
208 1889 466 1975 consentaneae
480 1891 551 1975 effe
568 1890 704 1991 velint,
734 1893 780 1973 de
795 1889 923 1972 officio
935 1889 1035 1972 nihil

73 2022 218 2112 queant
249 2001 399 2084 dicere:
438 2033 563 2113 neque
595 2005 674 2083 ulla
697 2001 816 2084 officii
848 2005 1037 2111 praecepta

75 2115 201 2213 firma,
229 2112 387 2214 stabilia,
415 2124 431 2164 ⁸
461 2118 663 2225 conjuncla
677 2136 822 2196 naturae
836 2116 933 2194 tradi
952 2114 1035 2222 pos-

75 2224 176 2328 sunt,
208 2225 277 2310 nifi
302 2248 369 2312 aut
382 2217 445 2312 'ab
471 2225 517 2308 iis
540 2224 642 2344 qui¹¹
664 2225 799 2327 solam,
829 2246 894 2310 aut
914 2227 960 2309 ab
990 2225 1038 2305 iis

971 2365 1040 2449 qul

77 2532 244 2611 agitabatur,
268 2530 351 2610 “quid
378 2530 446 2596 elset
473 2521 549 2589 surn-
568 2530 773 2622 expetendam:
790 2532 925 2609 Epicurei
932 2542 1040 2603 autem,

78 2631 156 2670 mum
169 2613 227 2670 five
244 2610 401 2669 maximum
421 2610 545 2678 bonu1n;
567 2631 619 2689 qut
645 2608 670 2667 C
692 2608 833 2669 renaicam
866 2608 1041 2687 philosophi-

69 2690 147 2769 quid
167 2688 253 2758 etiam
268 2688 407 2747 summum
423 2689 547 2747 malum:
568 2710 626 2761 am,
657 2631 693 2745 ali
711 2688 854 2767 Aristippo
879 2688 967 2747 altero
989 2689 1041 2746 So·

79 2769 135 2842 scd,
157 2769 216 2825 crim
232 2789 265 2826 ex
277 2770 396 2827 Socratis
409 2772 502 2827 variis
516 2763 550 2825 (θ’
568 2766 650 2827 cratis
686 2764 823 2847 discipulo
871 2763 1040 2846 molestam,

79 2854 107 2905 in
120 2869 219 2906 omnent
230 2860 336 2925 partem
349 2847 448 2926 dffcfis
459 2845 550 2923 dispu-
569 2846 719 2923 paululum
742 2844 918 2906 immutando
941 2843 1041 2905 defen-
1109 2864 1112 2871 ’

80 2926 229 2984 rationibus
257 2926 328 2982 alius
353 2927 435 2983 aliud
456 2938 550 3003 appre-
569 2924 683 2996 derunt,
715 2938 744 2981 at
766 2924 922 3001 Voluptate
947 2924 1043 2985 omnia

80 3007 220 3076 harderat,
237 3002 328 3081 plures
336 3004 416 3082 'quast
424 3001 553 3079 familiae
571 3004 768 3076 metiebantur,
804 3022 865 3061 eam
900 3003 1042 3061 summum

75 3081 553 3163 philisophorumfflultzimdzyjundae
570 3083 677 3147 bonum
690 3080 744 3139 elie
755 3080 920 3153 statuerunt,
949 3082 1043 3139 Dolo«

80 3162 172 3240 quoad
194 3160 348 3220 doetrinam
367 3159 403 3219 ὅ
422 3163 551 3240 dispares,
571 3179 629 3219 rem
643 3159 712 3219 verb
725 3160 867 3219 summum
880 3160 998 3217 malurn.

78 3233 267 3320 proseminatae
271 3238 340 3313 sunt
356 3240 402 3316 (de
415 3242 496 3300 Orat.
511 3238 551 3295 iii.
613 3236 662 3314 (f)
686 3240 743 3295 alio
755 3236 969 3315 locodffinutara]
984 3235 1045 3295 Sci·-

86 3321 144 3395 16.)
160 3319 241 3379 Hinc
254 3317 431 3399 Peripatetici
444 3318 553 3375 &Aca
571 3316 638 3375 licet
655 3316 686 3375 in
699 3316 771 3375 libro
794 3315 834 3374 iv.
848 3314 935 3376 Tusc.
963 3316 1046 3395 Disp.

83 3400 194 3473 demici,
216 3398 363 3456 aPlatone
376 3394 497 3454 Socratis
510 3395 552 3468 di·
571 3402 598 3454 &
612 3395 642 3454 in
665 3393 738 3454 libro
760 3392 882 3453 seeundo
903 3390 938 3454 de
963 3394 1046 3453 Fini-

83 3477 187 3556 scipulo
199 3474 329 3555 prosecli
350 3474 491 3533 summum
503 3476 553 3533 bo-
572 3469 632 3533 bui.

85 3576 151 3614 num
178 3557 331 3634 posuerunt
357 3553 386 3612 in
414 3552 553 3618 honestate
614 3552 658 3631 (g)
682 3550 821 3632 conjuratio
835 3552 958 3627 natura]
979 3553 1000 3613 i.
1019 3571 1049 3615 e.'

85 3634 218 3707 maxime,
241 3633 286 3692 sed
307 3655 363 3691 non
378 3630 444 3705 soli,
465 3652 554 3711 eaque
572 3653 636 3768 pua·
648 3653 715 3691 curn
729 3631 1048 3692 humananaturaicon·

85 3730 199 3791 propter
219 3711 246 3770 sc
271 3732 306 3771 ex
344 3709 443 3771 tendi:
473 3713 557 3769 Stoici
584 3710 708 3778 entium,
729 3712 764 3770 ad
789 3714 909 3791 eamque
935 3732 1048 3771 accom-

86 3794 161 3865 veri,
182 3790 235 3871 qui
247 3789 283 3850 ab
296 3733 463 3849 altitisthene
482 3789 554 3867 ejus·
575 3789 733 3849 modantur.

85 3868 148 3948 dem
171 3870 291 3929 Socratis
306 3868 432 3928 auditore
450 3868 505 3927 orti
530 3872 556 3927 &
609 3868 666 3945 ⁵(h)
679 3866 785 3946 fialam]
800 3868 876 3928 Vide
889 3889 953 3947 quae
965 3866 1052 3926 n'rodb
1086 3934 1089 3940 ¹

88 3946 190 4024 Cynici
218 3966 297 4007 erant
320 3947 474 4020 reformati,
506 3948 555 4005 do·
579 3946 639 4005 dixi
664 3947 695 4007 in
719 3942 801 4007 Noti
823 3948 857 4006 ad
875 3946 969 4019 verba,
1002 3950 1051 4025 qai

88 4040 206 4091 eueruut
224 4026 397 4091 honestatem
406 4027 490 4087 solam
505 4025 558 4085 effe
569 4027 705 4102 summum
719 4026 858 4107 bonumstc
870 4024 997 4103 instituit.

525 4102 614 4222 Bt
