2825 4850
270 425 279 449 '·
346 404 557 491 Lunna
615 384 772 518 l·.⁵‘29..'

76 612 237 703 propter
272 592 468 706 pigritiam
498 585 593 673 ¹aut¹
613 591 806 703 ignaviam
844 592 1035 692 deserant3
1128 590 1130 597 ’

75 706 233 832 fiatque
251 706 463 819 tranquilli,
494 726 606 814 atque
625 703 735 785 omni
755 706 1035 811 perturbatione

76 843 205 898 anum
236 838 414 910 careant3
443 846 490 900 ex
517 814 779 926 quo-elucebit
792 817 925 906 omnis
943 847 1035 901 con·
1133 902 1137 908 ,
1199 847 1201 856 ·

75 927 218 1011 stantia
249 928 453 1039 omnisque
479 926 715 1008 moderatio:
746 946 850 1023 nam,
881 929 950 1039 qui
969 958 1034 1039 ap·
1077 925 1082 930 ’

70 1041 227 1147 petitus
239 1040 389 1150 longids
399 1061 619 1149 evagantur,
639 1044 692 1135 ὅτ,
707 1044 893 1148 tanquam
912 1039 1035 1123 exsul·
1059 1036 1062 1041 ⁵

72 1172 207 1238 tantes
237 1153 322 1231 srve·
341 1150 530 1259 cupiendo
564 1152 637 1230 save
656 1149 851 1258 fugiendo,
881 1181 958 1241 non
975 1154 1034 1242 sa·

71 1262 125 1343 tis
146 1263 172 1343 a
205 1261 350 1347 ratione
363 1262 596 1359 retinentur,
626 1260 668 1342 hi
687 1264 762 1341 fine
782 1260 899 1341 dubio
917 1264 1037 1345 finem

73 1378 115 1455 &
151 1366 323 1455 moddm
354 1374 577 1466 transeunt3
612 1372 835 1483 relinquunt
864 1370 971 1457 enim
997 1378 1037 1457 δι

71 1483 272 1596 abjiciunt
307 1485 577 1582 obedientiam,
622 1514 693 1565 nec
720 1481 855 1565 rationi
883 1498 1036 1592 parent,
1063 1524 1066 1529 ·

72 1598 145 1676 cui
168 1594 259 1676 sunt
277 1594 435 1707 subjecti
453 1600 536 1705 lege
554 1614 718 1677 naturae:
750 1590 939 1705 aquibus
957 1626 1037 1679 non
1105 1656 1111 1660 -

40 1705 204 1787 'modo
233 1707 353 1803 animi
390 1709 671 1816 perturbantur,
705 1705 768 1785 led
798 1707 916 1789 etiam
954 1738 1035 1807 cor-

73 1842 188 1926 pora.
246 1819 358 1901 Licet
376 1849 441 1902 ora
459 1818 535 1925 ipsa
558 1846 709 1904 cernere
740 1816 938 1915 iratorum,
957 1838 1038 1904 'aut
1092 1854 1102 1861 ’

48 2003 51 2009 a
75 1958 235 2025 eorum,
263 1929 332 2039 qui
360 1951 426 2014 aut
459 1929 617 2009 libidine
650 1928 806 2039 aliqua,
830 1950 895 2009 aut
927 1951 1036 2013 metu

26 2050 30 2058 '
76 2040 398 2139 commotisunt,
437 2061 512 2121 -aut
548 2042 742 2149 voluptate
772 2038 893 2123 nimia
924 2042 1036 2153 gesti-

78 2148 181 2247 unt}
213 2174 381 2262 quorum
411 2153 592 2233 omnium
620 2156 764 2251 vultur,
793 2182 920 2253 voees,
950 2184 1035 2235 mo·

78 2283 158 2360 tus,
199 2256 403 2389 statusque.
428 2257 638 2345 mutantur.
777 2280 782 2339 '.
806 2264 866 2341 Ex
895 2263 1039 2373 quibus

22 2378 28 2389 '
81 2375 178 2456 illud
219 2376 449 2485 intelligitur
480 2376 544 2480 (ut
574 2375 621 2453 ad
652 2371 958 2463 officiilormam
980 2366 1064 2458 re-=

80 2489 301 2589 vertamur)
323 2485 513 2594 appetitus
541 2512 675 2564 omnes
691 2481 970 2564 contrahendos
984 2483 1037 2564 se-

78 2600 299 2710 dandosque
317 2598 405 2694 effe,
424 2595 739 2703 excitandamque
752 2591 1049 2676 animadversio-¹

79 2731 177 2792 ’nem
207 2717 248 2793 dc
283 2707 537 2818 diligentiam,
567 2727 612 2786 ut
641 2697 800 2814 nequid
829 2723 973 2788 temere
994 2735 1038 2789 ac
1134 2814 1137 2820 .

82 2823 261 2921 fortuito,
309 2818 577 2901 inconsiderate
608 2816 921 2936 negligenterque
950 2849 1036 2930 aga·
1141 2826 1145 2838 '
1245 2827 1249 2836 '

83 2946 182 3015 mua
261 2935 403 3044 Neque
425 2931 538 3012 enim
571 2928 624 3010 ita
649 2929 818 3039 generati
855 2929 876 3009 a
904 2952 1038 3014 natura

83 3045 228 3142 sumus,
272 3067 317 3126 ut
356 3044 402 3124 ad
433 3044 574 3122 ludum
604 3046 643 3122 &
670 3070 807 3149 Jocum
843 3041 932 3122 facti
965 3042 1036 3122 ell'e

83 3155 323 3259 videamura
339 3154 400 3234 sed
432 3156 478 3232 ad
498 3151 734 3232 severitatem
761 3149 900 3258 potins,
930 3153 1036 3234 &ad
1074 3226 1076 3232 ,

23 3271 27 3278 ’
86 3270 264 3375 quaedam
282 3260 404 3347 studia
419 3262 723 3374 graviora'atque
744 3263 896 3368 majora.
952 3265 1051 3363 Lu·‘

87 3379 284 3460 doautem
302 3379 456 3485 &joco
475 3375 532 3454 uti
552 3374 618 3454 illo
636 3373 795 3484 quidem
813 3371 928 3467 licet3
959 3371 1035 3472 sed,
1116 3405 1120 3410 ’

87 3488 184 3597 ficut
195 3490 331 3572 somno
349 3487 415 3592 &⁶
435 3485 627 3596 quietibus
647 3483 806 3581 caeterlS,
837 3503 924 3564 tum
945 3484 1036 3566 clam
1068 3527 1071 3534 ’

439 3600 465 3633 “’
815 3649 818 3656 ,
858 3598 1037 3706 gravibus

128 3757 170 3832 (d)
192 3759 326 3839 quietibus
348 3754 469 3828 careris]
490 3755 549 3814 Ra·
570 3758 694 3836 Namque
709 3761 814 3814 animus
832 3761 963 3831 impurus,
984 3759 1038 3814 diis
1072 3795 1079 3805 -

89 3832 183 3896 rlffime'
208 3859 266 3897 vox
288 3837 419 3918 quietibus
428 3835 548 3893 occurrit
570 3833 770 3912 hominibusque
796 3837 922 3910 infestur,
955 3856 1038 3914 neque

90 3907 117 3967 in
141 3917 242 3989 plurali
268 3937 406 3986 numero:
429 3913 549 3971 Notavit
570 3917 691 3991 vigiliis,
706 3935 786 3990 mque
795 3914 927 3992 quietibus
937 3919 1038 3982 caetert's
1136 3915 1137 3920 ’
1203 3907 1209 3913 ’

51 4039 54 4044 1
91 3992 154 4049 vero
174 3993 313 4054 Fabritios
338 3993 497 4052 Sallustium
519 3990 549 4048 in
581 3995 787 4072 edaripotrrat.
844 4059 854 4066 „

93 4063 175 4133 Catil.
196 4072 322 4134 fimiliter
339 4067 466 4132 locutum
484 4070 556 4130 effe·
607 4087 612 4094 “

582 4135 676 4255 G3'
782 4170 789 4184 ¹
