2825 4850
143 341 147 353 ’
267 334 348 436 ι’
436 396 440 406 ,
662 353 1083 436 DE,Orr1c11s

327 539 349 585 ³
399 561 568 654 quorum
585 542 607 632 ',
620 543 714 627 alter
731 561 770 624 te
797 531 953 626 scie'ntirl
977 573 1114 656 augere
1132 541 1267 653 potest,
1301 539 1358 626 al·

398 677 479 734 tera
496 654 708 762 exemplis:
739 675 885 751 tamen,
914 676 958 736 ut
970 654 1045 765 ipse
1065 657 1111 736 ad
1130 685 1260 736 meam
1273 655 1358 736 uti-

397 764 548 847 litatem
567 765 714 876 semper
733 795 826 848 cum
843 766 990 848 Graecis
1003 767 1141 848 Latina
1155 768 1359 876 conjunxi,
1402 833 1403 850 r

400 908 525 988 neque
543 875 584 957 id
601 877 643 958 in
658 874 896 987 philosophia
915 877 1050 976 sollarn,
1081 879 1143 960 sed
1166 877 1283 959 etiarn
1315 879 1359 958 in

371 1053 376 1064 .
400 987 553 1071 dicendi
577 988 844 1072 exercitatione
868 990 955 1089 feci,
995 989 1100 1072 idem
1122 987 1194 1070 tibi
1220 989 1359 1070 censeo

400 1099 647 1200 faciendum,
662 1121 706 1181 ut
725 1133 791 1210 par
818 1103 863 1182 srs
888 1099 929 1184 in
957 1098 1152 1212 utriusque
1174 1099 1359 1182 orationis

401 1215 593 1294 facultate.
651 1215 785 1336 Qam
797 1213 955 1322 quidem
968 1214 1013 1294 ad
1032 1243 1116 1294 rem
1130 1241 1200 1292 nos
1220 1213 1283 1322 (ut
1296 1213 1356 1292 vi-

378 1325 558 1436 demur)
577 1351 767 1432 magnum
782 1323 983 1404 attulimus
1000 1325 1268 1434 adjumentum
1281 1324 1358 1406 ho·

400 1434 572 1515 minibus
592 1433 740 1539 nostris,
768 1455 910 1516 utnon
929 1434 1046 1516 modd
1064 1438 1288 1516 Gtaecatum
1309 1437 1359 1518 li·

400 1569 570 1628 terarum
588 1547 714 1645 rudes,
743 1545 807 1628 sed
832 1547 950 1628 etiam
968 1546 1084 1646 dotti,
1113 1546 1357 1656 aliquantum

402 1657 440 1738 se
468 1655 699 1739 arbitrentur
722 1660 876 1768 adeptos
908 1667 921 1698 ⁶
948 1663 987 1740 δι
1014 1661 1061 1740 ad
1086 1657 1295 1740 dicendum
1314 1665 1358 1741 δι
1405 1677 1406 1768 l

401 1771 449 1850 ad
467 1768 737 1880 judicandum.
795 1772 1063 1895 Quamobrem
1079 1769 1195 1850 disces
1207 1790 1251 1850 tu
1269 1771 1357 1880 qui·
1405 1795 1406 1798 ’

401 1883 492 1962 dem
511 1881 534 1962 a
559 1880 728 1990 principe
746 1879 861 1993 hujus
886 1882 1007 1964 aetatis
1025 1879 1357 1990 philosophorum,

401 1999 442 2074 dc
461 1989 577 2072 disces
595 1993 783 2102 quamdiu
797 1996 899 2075 voles
914 2027 925 2088 3
955 1991 1103 2074 tamdiu
1117 2013 1246 2075 autern
1258 1997 1357 2075 velle

403 2102 574 2200 debebis,
604 2106 730 2215 quoad
744 2125 796 2203 te,
826 2125 1017 2217 quantum
1037 2105 1223 2214 proficias,
1251 2105 1358 2186 ‘non
1406 2097 1408 2232 l

403 2213 636 2324 poenitebit:
669 2217 742 2298 Sed
764 2238 896 2299 tamen
920 2225 932 2256 ⁸
959 2217 1082 2298 nostra
1102 2219 1247 2328 lagena,
1276 2247 1358 2300 non

1183 2329 1358 2413 multllm

445 2466 492 2546 (b)
509 2488 619 2545 quorum
631 2465 716 2543 alter]
731 2469 870 2547 Qramvis
892 2466 1028 2529 Terentius
1051 2468 1102 2546 (sc.
1121 2467 1150 2527 in
1165 2468 1273 2527 Heaut.
1294 2468 1320 2525 Ι.
1335 2466 1358 2525 ἱ.

401 2547 532 2625 proxime
548 2548 718 2623 praecefferit
742 2569 800 2607 vox
821 2571 869 2606 ur·
892 2546 953 2616 ιο.)
977 2554 1089 2607 atenim
1102 2572 1152 2619 me,
1176 2546 1359 2629 quantumhic

291 2688 298 2702 ,
401 2628 455 2698 bis,
477 2644 534 2682 non
553 2622 658 2681 dicitur
671 2648 787 2703 quarum
800 2630 869 2685 alte·
888 2626 1044 2704 operisfiat,
1061 2633 1186 2706 penitet:
1205 2628 1239 2683 id
1248 2624 1358 2762 est’sffl

400 2722 448 2776 ra,
482 2702 529 2761 sed
552 2724 663 2779 quorum
688 2706 771 2776 alter,
804 2704 872 2783 quia
888 2727 948 2761 rum
972 2708 1094 2765 videtur.
1143 2704 1261 2783 Repetit
1282 2705 1359 2762 iem

400 2802 460 2839 vox
475 2783 588 2839 dederis
604 2780 748 2840 masculini
762 2783 870 2862 generis
889 2783 923 2841 ad
936 2782 1021 2862 Virg.
1037 2786 1108 2845 AEn.
1121 2782 1141 2842 i.
1167 2802 1233 2863 552.
1270 2782 1361 2841 Porro
1408 2758 1409 2831 l

401 2861 452 2933 est,
483 2858 602 2937 ideoque
627 2859 772 2937 dignioris.
824 2863 869 2921 Si·
887 2858 1020 2921 notarunt
1040 2862 1115 2922 Petr.
1134 2862 1243 2919 Marsus
1260 2866 1287 2919 δι
1308 2861 1359 2920 Fr.
1408 2918 1409 2925 ,

402 2939 469 2998 mile
485 2938 524 2998 est
541 2936 614 2997 illud
626 2938 735 3013 Ovidii,
764 2940 834 3001 Fast.
849 2942 869 3000 i.
889 2940 1079 3001 Maturantius
1096 2936 1214 2999 Livium
1226 2940 1265 2999 ita
1278 2940 1360 2999 locu·

399 3022 469 3095 287.
890 3035 951 3078 tum
965 3017 1043 3079 fuiffe
1056 3019 1086 3079 in
1100 3020 1167 3079 Lib·
1180 3018 1201 3077 i.
1222 3018 1280 3077 crim
1291 3022 1361 3097 jam

439 3100 527 3177 June,
552 3101 611 3173 fac
642 3114 752 3156 aeternos
777 3115 871 3181 pacem
889 3097 1360 3175 viriumharrdpoeniteret,hoccst,

472 3180 602 3254 pacisque
612 3178 754 3253 minssros.
890 3178 956 3237 clun
980 3198 1038 3237 non
1064 3198 1156 3257 parvae
1180 3176 1253 3247 vires
1279 3175 1360 3234 vide-

436 3257 481 3334 (c)
505 3272 531 3315 et
545 3258 585 3312 ad
590 3257 728 3314 dicendum
744 3274 769 3316 et
779 3260 820 3315 ad
818 3255 868 3333 ju·
891 3272 997 3332 rennrr.
1030 3258 1156 3316 Adeatur
1171 3246 1256 3317 etiarn
1268 3254 1362 3314 Gellii

400 3332 559 3404 dicandum]
578 3333 600 3390 i.
616 3354 644 3393 e.
657 3335 693 3393 ad
700 3352 787 3395 artem
796 3338 868 3394 Ora·
890 3336 979 3408 Noet.
992 3338 1055 3395 Att.
1070 3335 1140 3395 xvii.
1155 3354 1183 3393 1.

402 3413 470 3472 toris
479 3418 506 3472 δι
517 3412 695 3503 Philosophi:
710 3414 784 3474 illius
794 3416 870 3474 enirn
932 3412 974 3492 (e)
992 3419 1079 3493 nistra
1092 3410 1191 3493 legens]
1207 3414 1251 3471 Ita
1260 3432 1361 3471 omnes

401 3492 451 3565 cst,
465 3494 570 3560 dicere3
585 3490 680 3569 hujus,
691 3493 726 3552 de
735 3494 816 3553 rebus
815 3498 870 3574 ju·
890 3494 947 3555 fere
961 3494 1026 3553 libri
1043 3493 1092 3552 scri
1116 3494 1149 3562 ti,
1170 3490 1269 3571 editiq;
1293 3508 1362 3551 ante

399 3574 504 3631 dicare.
808 3586 810 3593 ⁴
889 3573 1060 3633 Graevium:
1095 3514 1151 3631 itte
1184 3568 1291 3650 primus
1322 3590 1362 3629 ex

445 3650 490 3726 (d)
528 3673 578 3708 non
607 3648 766 3728 penitebit]
798 3652 818 3711 i.
843 3674 869 3713 e.
888 3672 948 3713 uno
973 3651 1071 3711 Wolfii
1091 3650 1186 3709 codice
1209 3647 1307 3707 intulit
1329 3647 1362 3707 in

400 3730 537 3808 quamdiu
559 3728 621 3789 satis
644 3729 693 3789 tibi
716 3731 822 3809 patebit
843 3748 871 3792 te
889 3734 1017 3793 Texrum
1030 3730 1112 3821 legen
1133 3726 1284 3808 quianihil
1300 3726 1362 3803 (in-

400 3806 548 3886 profice're.
588 3806 672 3867 Docti
690 3808 872 3871 observarunt
888 3810 965 3889 quit)
991 3810 1128 3889 sequitur,
1159 3807 1232 3867 unde
1254 3806 1363 3883 pendet

356 3889 379 3933 ὓ
400 3888 586 3947 hancvocem
602 3883 871 3968 panitetaliquando
888 3893 982 3969 legens.
1022 3890 1073 3959 At,
1095 3887 1218 3958 srvoces,
1251 3891 1363 3943 uoniam

399 3963 476 4023 idem
488 3966 654 4045 fignificare,
674 3969 752 4045 quod
769 3984 871 4048 parum
890 3974 974 4046 utriq3
996 3964 1031 4026 {5
1051 3968 1184 4024 Socratici
1257 3962 1362 4021 Plato-

399 4047 525 4102 ·videtur.
547 4045 594 4103 stc
607 4046 721 4105 Servius
734 4046 770 4105 ad
783 4048 869 4127 Virg.
889 4052 945 4105 nici
970 4048 1014 4121 affe
1036 4044 1171 4116 volumus,
1201 4040 1280 4101 uncis
1304 4041 1362 4100 Pa-

399 4120 502 4201 Eclog.
512 4122 543 4182 ii.
557 4144 605 4201 34.
754 4154 758 4163 v
889 4126 1047 4187 rentheseos
1067 4122 1258 4189 includantur,
1288 4120 1363 4179 istud

436 4202 497 4260 Nec
517 4220 542 4261 te
556 4208 687 4281 paeniteat
699 4206 802 4262 calamo
815 4210 869 4265 tri·
889 4208 974 4283 legens
997 4202 1129 4283 pendebit
1154 4200 1171 4260 a
1197 4198 1290 4258 verbis
1317 4199 1363 4258 se·

475 4284 543 4355 ciffi
554 4282 689 4354 labellum,
887 4282 1052 4362 quentibus,
1073 4278 1196 4343 derebus
1212 4278 1366 4360 abstractae

397 4355 449 4436 ait,
469 4381 518 4421 naa
531 4358 586 4421 tibi
603 4376 705 4442 parum
725 4364 868 4425 videatur·
890 4380 935 4425 tuo
946 4365 1072 4444 judicia.
1126 4440 1130 4449 Ι
