<?xml version="1.0" encoding="UTF-8"?>
<!DOCTYPE html PUBLIC "-//W3C//DTD XHTML 1.0 Transitional//EN"
    "http://www.w3.org/TR/xhtml1/DTD/xhtml1-transitional.dtd">
<html xmlns="http://www.w3.org/1999/xhtml" xml:lang="en" lang="en">
 <head>
  <title>
</title>
<meta http-equiv="Content-Type" content="text/html;charset=utf-8" />
  <meta name='ocr-system' content='tesseract 3.04.00' />
  <meta name='ocr-capabilities' content='ocr_page ocr_carea ocr_par ocr_line ocrx_word'/>
</head>
<body>
  <div class='ocr_page' id='page_1' title='image "./mtulliiciceroni02peargoog/mtulliiciceroni02peargoog_0032.png"; bbox 0 0 2825 4850; ppageno 0'>
   <div class='ocr_carea' id='block_1_1' title="bbox 626 358 1078 442">
    <p class='ocr_par' dir='ltr' id='par_1_1' title="bbox 626 358 1078 442">
     <span class='ocr_line' id='line_1_1' title="bbox 626 358 1078 442; baseline -0.004 0"><span class='ocrx_word' id='word_1_1' title='bbox 626 361 716 442; x_wconf 78' lang='lat' dir='ltr'><strong>De</strong></span> <span class='ocrx_word' id='word_1_2' title='bbox 761 358 1078 442; x_wconf 78' lang='lat' dir='ltr'><strong>Orrrcrrs</strong></span> 
     </span>
    </p>
   </div>
   <div class='ocr_carea' id='block_1_2' title="bbox 380 547 1354 855">
    <p class='ocr_par' dir='ltr' id='par_1_2' title="bbox 380 547 1354 855">
     <span class='ocr_line' id='line_1_2' title="bbox 381 547 1352 661; baseline 0.002 -31"><span class='ocrx_word' id='word_1_3' title='bbox 381 547 511 632; x_wconf 82' lang='lat' dir='ltr'><strong>omnis</strong></span> <span class='ocrx_word' id='word_1_4' title='bbox 529 547 679 647; x_wconf 77' lang='lat' dir='ltr'><strong>enim,‘</strong></span> <span class='ocrx_word' id='word_1_5' title='bbox 696 579 785 661; x_wconf 80' lang='lat' dir='ltr'><strong>quae</strong></span> <span class='ocrx_word' id='word_1_6' title='bbox 802 548 825 629; x_wconf 71' lang='lat' dir='ltr'><strong>‘a</strong></span> <span class='ocrx_word' id='word_1_7' title='bbox 841 548 983 632; x_wconf 80' lang='lat' dir='ltr'><strong>ratione</strong></span> <span class='ocrx_word' id='word_1_8' title='bbox 998 547 1196 658; x_wconf 87' lang='lat' dir='ltr'><strong>suscipitur</strong></span> <span class='ocrx_word' id='word_1_9' title='bbox 1207 550 1255 632; x_wconf 86' lang='lat' dir='ltr'><strong>de</strong></span> <span class='ocrx_word' id='word_1_10' title='bbox 1268 551 1352 632; x_wconf 65' lang='lat' dir='ltr'><strong>alia</strong></span> 
     </span>
     <span class='ocr_line' id='line_1_3' title="bbox 380 661 1354 855; baseline -0.002 -109"><span class='ocrx_word' id='word_1_11' title='bbox 380 690 459 855; x_wconf 60' lang='lat' dir='ltr'><strong>pua</strong></span> <span class='ocrx_word' id='word_1_12' title='bbox 487 692 540 759; x_wconf 87' lang='lat' dir='ltr'><strong>re,</strong></span> <span class='ocrx_word' id='word_1_13' title='bbox 583 661 772 744; x_wconf 89' lang='lat' dir='ltr'><strong>institutio</strong></span> <span class='ocrx_word' id='word_1_14' title='bbox 795 662 907 742; x_wconf 86' lang='lat' dir='ltr'><strong>debet</strong></span> <span class='ocrx_word' id='word_1_15' title='bbox 941 663 963 743; x_wconf 77' lang='grc' dir='ltr'>ὲ</span> <span class='ocrx_word' id='word_1_16' title='bbox 992 661 1213 744; x_wconf 87' lang='lat' dir='ltr'><strong>definitione</strong></span> <span class='ocrx_word' id='word_1_17' title='bbox 1249 694 1354 772; x_wconf 84' lang='lat' dir='ltr'><strong>pro-</strong></span> 
     </span>
    </p>
   </div>
   <div class='ocr_carea' id='block_1_3' title="bbox 356 771 1352 2336">
    <p class='ocr_par' dir='ltr' id='par_1_3' title="bbox 409 771 1352 887">
     <span class='ocr_line' id='line_1_4' title="bbox 409 771 1352 887; baseline 0.004 -35"><span class='ocrx_word' id='word_1_18' title='bbox 409 771 510 874; x_wconf 88' lang='lat' dir='ltr'><strong>cisci,</strong></span> <span class='ocrx_word' id='word_1_19' title='bbox 538 794 588 854; x_wconf 89' lang='lat' dir='ltr'><strong>ut·</strong></span> <span class='ocrx_word' id='word_1_20' title='bbox 617 774 866 886; x_wconf 83' lang='lat' dir='ltr'>intelligatur,</span> <span class='ocrx_word' id='word_1_21' title='bbox 910 774 1003 885; x_wconf 91' lang='lat' dir='ltr'><strong>quid</strong></span> <span class='ocrx_word' id='word_1_22' title='bbox 1031 776 1075 854; x_wconf 85' lang='lat' dir='ltr'><strong>fit</strong></span> <span class='ocrx_word' id='word_1_23' title='bbox 1111 772 1165 874; x_wconf 86' lang='lat' dir='ltr'><strong>id,</strong></span> <span class='ocrx_word' id='word_1_24' title='bbox 1194 775 1352 887; x_wconf 89' lang='lat' dir='ltr'><strong>dequo</strong></span> 
     </span>
    </p>

    <p class='ocr_par' dir='ltr' id='par_1_4' title="bbox 356 882 1348 2336">
     <span class='ocr_line' id='line_1_5' title="bbox 380 882 1117 995; baseline 0.005 -30"><span class='ocrx_word' id='word_1_25' title='bbox 380 882 603 993; x_wconf 84' lang='lat' dir='ltr'><strong>disputetur.</strong></span> <span class='ocrx_word' id='word_1_26' title='bbox 1114 987 1117 995; x_wconf 24' lang='grc' dir='ltr'>Ι</span> 
     </span>
     <span class='ocr_line' id='line_1_6' title="bbox 432 997 1348 1112; baseline 0.004 -36"><span class='ocrx_word' id='word_1_27' title='bbox 432 1005 447 1036; x_wconf 87' lang='lat'>⁸</span> <span class='ocrx_word' id='word_1_28' title='bbox 474 997 619 1078; x_wconf 89' lang='lat' dir='ltr'><strong>Omnis</strong></span> <span class='ocrx_word' id='word_1_29' title='bbox 651 997 698 1076; x_wconf 90' lang='lat' dir='ltr'><strong>de</strong></span> <span class='ocrx_word' id='word_1_30' title='bbox 733 997 862 1080; x_wconf 89' lang='lat' dir='ltr'><strong>officio</strong></span> <span class='ocrx_word' id='word_1_31' title='bbox 890 997 1029 1106; x_wconf 84' lang='lat' dir='ltr'><strong>duplex</strong></span> <span class='ocrx_word' id='word_1_32' title='bbox 1059 1000 1113 1082; x_wconf 87' lang='lat' dir='ltr'><strong>est</strong></span> <span class='ocrx_word' id='word_1_33' title='bbox 1149 997 1348 1112; x_wconf 86' lang='lat' dir='ltr'><strong>quaestio:</strong></span> 
     </span>
     <span class='ocr_line' id='line_1_7' title="bbox 377 1107 1348 1220; baseline 0.004 -30"><span class='ocrx_word' id='word_1_34' title='bbox 377 1137 505 1190; x_wconf 85' lang='lat' dir='ltr'><strong>unum</strong></span> <span class='ocrx_word' id='word_1_35' title='bbox 521 1138 644 1219; x_wconf 86' lang='lat' dir='ltr'><strong>genus</strong></span> <span class='ocrx_word' id='word_1_36' title='bbox 663 1107 730 1208; x_wconf 90' lang='lat' dir='ltr'><strong>est,</strong></span> <span class='ocrx_word' id='word_1_37' title='bbox 760 1109 864 1220; x_wconf 91' lang='lat' dir='ltr'>quod</span> <span class='ocrx_word' id='word_1_38' title='bbox 882 1109 1045 1217; x_wconf 74' lang='lat' dir='ltr'><strong>pertinet</strong></span> <span class='ocrx_word' id='word_1_39' title='bbox 1064 1113 1111 1197; x_wconf 82' lang='lat' dir='ltr'><strong>ad</strong></span> <span class='ocrx_word' id='word_1_40' title='bbox 1129 1113 1249 1196; x_wconf 81' lang='lat' dir='ltr'><strong>finem</strong></span> <span class='ocrx_word' id='word_1_41' title='bbox 1266 1109 1348 1194; x_wconf 81' lang='lat' dir='ltr'><strong>bo-¹</strong></span> 
     </span>
     <span class='ocr_line' id='line_1_8' title="bbox 377 1222 1346 1332; baseline 0.003 -32"><span class='ocrx_word' id='word_1_42' title='bbox 377 1250 549 1314; x_wconf 81' lang='lat' dir='ltr'><strong>norum3</strong></span> <span class='ocrx_word' id='word_1_43' title='bbox 578 1223 756 1317; x_wconf 86' lang='lat' dir='ltr'><strong>alterum,</strong></span> <span class='ocrx_word' id='word_1_44' title='bbox 786 1222 890 1330; x_wconf 90' lang='lat' dir='ltr'>quod</span> <span class='ocrx_word' id='word_1_45' title='bbox 911 1226 1077 1328; x_wconf 77' lang='lat' dir='ltr'><strong>pefitum</strong></span> <span class='ocrx_word' id='word_1_46' title='bbox 1108 1224 1161 1304; x_wconf 92' lang='lat' dir='ltr'><strong>est</strong></span> <span class='ocrx_word' id='word_1_47' title='bbox 1179 1224 1220 1304; x_wconf 91' lang='lat' dir='ltr'><strong>in</strong></span> <span class='ocrx_word' id='word_1_48' title='bbox 1239 1253 1346 1332; x_wconf 86' lang='lat' dir='ltr'><strong>prae-</strong></span> 
     </span>
     <span class='ocr_line' id='line_1_9' title="bbox 378 1331 1347 1443; baseline -0.001 -29"><span class='ocrx_word' id='word_1_49' title='bbox 378 1332 513 1442; x_wconf 85' lang='lat' dir='ltr'>ceptis,</span> <span class='ocrx_word' id='word_1_50' title='bbox 553 1333 693 1443; x_wconf 90' lang='lat' dir='ltr'><strong>quibus</strong></span> <span class='ocrx_word' id='word_1_51' title='bbox 724 1331 765 1412; x_wconf 91' lang='lat' dir='ltr'><strong>in</strong></span> <span class='ocrx_word' id='word_1_52' title='bbox 803 1361 939 1412; x_wconf 88' lang='lat' dir='ltr'><strong>omnes</strong></span> <span class='ocrx_word' id='word_1_53' title='bbox 974 1335 1099 1442; x_wconf 73' lang='lat' dir='ltr'><strong>p&#39;artes</strong></span> <span class='ocrx_word' id='word_1_54' title='bbox 1131 1336 1218 1418; x_wconf 88' lang='lat' dir='ltr'>usus</span> <span class='ocrx_word' id='word_1_55' title='bbox 1247 1333 1347 1436; x_wconf 82' lang='lat' dir='ltr'><strong>vitae</strong></span> 
     </span>
     <span class='ocr_line' id='line_1_10' title="bbox 376 1438 1346 1562; baseline 0.001 -37"><span class='ocrx_word' id='word_1_56' title='bbox 376 1440 391 1485; x_wconf 69' lang='lat'>⁵</span> <span class='ocrx_word' id='word_1_57' title='bbox 410 1445 628 1532; x_wconf 82' lang='lat' dir='ltr'><strong>confirmari</strong></span> <span class='ocrx_word' id='word_1_58' title='bbox 646 1445 768 1552; x_wconf 75' lang='lat' dir='ltr'><strong>possit.</strong></span> <span class='ocrx_word' id='word_1_59' title='bbox 826 1438 1033 1551; x_wconf 82' lang='lat' dir='ltr'><strong>Superioris</strong></span> <span class='ocrx_word' id='word_1_60' title='bbox 1044 1447 1192 1562; x_wconf 81' lang='lat' dir='ltr'><strong>generis</strong></span> <span class='ocrx_word' id='word_1_61' title='bbox 1207 1444 1346 1556; x_wconf 88' lang='lat' dir='ltr'>hujus-</span> 
     </span>
     <span class='ocr_line' id='line_1_11' title="bbox 376 1553 1344 1667; baseline 0 -29"><span class='ocrx_word' id='word_1_62' title='bbox 376 1555 486 1638; x_wconf 83' lang='lat' dir='ltr'>modi</span> <span class='ocrx_word' id='word_1_63' title='bbox 514 1558 689 1667; x_wconf 82' lang='lat' dir='ltr'><strong>exempla</strong></span> <span class='ocrx_word' id='word_1_64' title='bbox 702 1553 822 1650; x_wconf 66' lang='lat' dir='ltr'><strong>sunt3</strong></span> <span class='ocrx_word' id='word_1_65' title='bbox 851 1555 1079 1640; x_wconf 79' lang='lat' dir='ltr'><strong>‘Omniane</strong></span> <span class='ocrx_word' id='word_1_66' title='bbox 1100 1557 1228 1643; x_wconf 81' lang='lat' dir='ltr'><strong>officia</strong></span> <span class='ocrx_word' id='word_1_67' title='bbox 1250 1587 1344 1666; x_wconf 91' lang='lat' dir='ltr'><strong>per-</strong></span> 
     </span>
     <span class='ocr_line' id='line_1_12' title="bbox 376 1667 1347 1776; baseline 0 -27"><span class='ocrx_word' id='word_1_68' title='bbox 376 1668 479 1761; x_wconf 62' lang='lat' dir='ltr'><strong>reeta,</strong></span> <span class='ocrx_word' id='word_1_69' title='bbox 515 1667 618 1748; x_wconf 77' lang='lat' dir='ltr'><strong>sint?</strong></span> <span class='ocrx_word' id='word_1_70' title='bbox 648 1669 764 1752; x_wconf 86' lang='lat' dir='ltr'><strong>Num</strong></span> <span class='ocrx_word' id='word_1_71' title='bbox 802 1667 906 1776; x_wconf 86' lang='lat' dir='ltr'>quod</span> <span class='ocrx_word' id='word_1_72' title='bbox 935 1667 1111 1750; x_wconf 87' lang='lat' dir='ltr'><strong>officium</strong></span> <span class='ocrx_word' id='word_1_73' title='bbox 1136 1669 1239 1754; x_wconf 82' lang='lat' dir='ltr'><strong>aliud</strong></span> <span class='ocrx_word' id='word_1_74' title='bbox 1264 1668 1347 1750; x_wconf 82' lang='lat' dir='ltr'><strong>alin</strong></span> 
     </span>
     <span class='ocr_line' id='line_1_13' title="bbox 378 1777 1344 1892; baseline 0.001 -32"><span class='ocrx_word' id='word_1_75' title='bbox 378 1781 503 1889; x_wconf 83' lang='lat' dir='ltr'>majus</span> <span class='ocrx_word' id='word_1_76' title='bbox 537 1779 609 1860; x_wconf 83' lang='lat' dir='ltr'><strong>fit?</strong></span> <span class='ocrx_word' id='word_1_77' title='bbox 663 1783 702 1864; x_wconf 85' lang='lat'>&amp;</span> <span class='ocrx_word' id='word_1_78' title='bbox 728 1807 816 1889; x_wconf 87' lang='lat' dir='ltr'><strong>quae</strong></span> <span class='ocrx_word' id='word_1_79' title='bbox 853 1777 940 1860; x_wconf 85' lang='lat' dir='ltr'><strong>sunt</strong></span> <span class='ocrx_word' id='word_1_80' title='bbox 972 1780 1120 1892; x_wconf 87' lang='lat' dir='ltr'><strong>generis</strong></span> <span class='ocrx_word' id='word_1_81' title='bbox 1154 1779 1344 1892; x_wconf 86' lang='lat' dir='ltr'><strong>ejusdem.</strong></span> 
     </span>
     <span class='ocr_line' id='line_1_14' title="bbox 377 1890 1341 2013; baseline 0.001 -42"><span class='ocrx_word' id='word_1_82' title='bbox 377 1894 567 2013; x_wconf 78' lang='lat' dir='ltr'><strong>Qorum·</strong></span> <span class='ocrx_word' id='word_1_83' title='bbox 595 1911 726 1974; x_wconf 87' lang='lat' dir='ltr'><strong>autem</strong></span> <span class='ocrx_word' id='word_1_84' title='bbox 773 1890 991 1975; x_wconf 79' lang='lat' dir='ltr'><strong>officiorum</strong></span> <span class='ocrx_word' id='word_1_85' title='bbox 1029 1908 1239 2003; x_wconf 81' lang='lat' dir='ltr'><strong>praeeepta&#39;</strong></span> <span class='ocrx_word' id='word_1_86' title='bbox 1261 1911 1341 1972; x_wconf 85' lang='lat' dir='ltr'><strong>tra-</strong></span> 
     </span>
     <span class='ocr_line' id='line_1_15' title="bbox 356 2002 1348 2112; baseline -0.004 -30"><span class='ocrx_word' id='word_1_87' title='bbox 356 2003 535 2099; x_wconf 69' lang='lat' dir='ltr'><strong>duntur,</strong></span> <span class='ocrx_word' id='word_1_88' title='bbox 572 2032 616 2082; x_wconf 88' lang='lat' dir='ltr'><strong>ea</strong></span> <span class='ocrx_word' id='word_1_89' title='bbox 647 2031 885 2112; x_wconf 85' lang='lat' dir='ltr'><strong>quamquam</strong></span> <span class='ocrx_word' id='word_1_90' title='bbox 914 2002 1104 2110; x_wconf 83' lang='lat' dir='ltr'><strong>pertinent</strong></span> <span class='ocrx_word' id='word_1_91' title='bbox 1135 2007 1182 2084; x_wconf 89' lang='lat' dir='ltr'><strong>ad</strong></span> <span class='ocrx_word' id='word_1_92' title='bbox 1216 2005 1348 2086; x_wconf 60' lang='lat' dir='ltr'><strong>finem⁴</strong></span> 
     </span>
     <span class='ocr_line' id='line_1_16' title="bbox 380 2112 1344 2226; baseline 0.004 -31"><span class='ocrx_word' id='word_1_93' title='bbox 380 2112 585 2216; x_wconf 89' lang='lat' dir='ltr'><strong>bonorum,</strong></span> <span class='ocrx_word' id='word_1_94' title='bbox 626 2134 756 2199; x_wconf 87' lang='lat' dir='ltr'><strong>tamen</strong></span> <span class='ocrx_word' id='word_1_95' title='bbox 792 2113 832 2198; x_wconf 84' lang='lat' dir='ltr'><strong>id</strong></span> <span class='ocrx_word' id='word_1_96' title='bbox 865 2113 996 2200; x_wconf 83' lang='lat' dir='ltr'><strong>minus</strong></span> <span class='ocrx_word' id='word_1_97' title='bbox 1034 2137 1202 2224; x_wconf 79' lang='lat' dir='ltr'><strong>apparet,</strong></span> <span class='ocrx_word' id='word_1_98' title='bbox 1247 2115 1344 2226; x_wconf 76' lang='lat' dir='ltr'><strong>quie</strong></span> 
     </span>
     <span class='ocr_line' id='line_1_17' title="bbox 1209 2257 1340 2336; baseline -0.031 -26"><span class='ocrx_word' id='word_1_99' title='bbox 1209 2257 1340 2336; x_wconf 74' lang='lat' dir='ltr'><strong>magn</strong></span> 
     </span>
    </p>
   </div>
   <div class='ocr_carea' id='block_1_4' title="bbox 345 2417 1340 3443">
    <p class='ocr_par' dir='ltr' id='par_1_5' title="bbox 345 2417 1340 3443">
     <span class='ocr_line' id='line_1_18' title="bbox 420 2417 1340 2505; baseline -0.005 -21"><span class='ocrx_word' id='word_1_100' title='bbox 420 2422 467 2501; x_wconf 84' lang='lat' dir='ltr'><strong>(d)</strong></span> <span class='ocrx_word' id='word_1_101' title='bbox 489 2422 580 2505; x_wconf 63' lang='lat' dir='ltr'><strong>quari</strong></span> <span class='ocrx_word' id='word_1_102' title='bbox 599 2418 718 2495; x_wconf 80' lang='lat' dir='ltr'><strong>rarione]</strong></span> <span class='ocrx_word' id='word_1_103' title='bbox 740 2419 849 2493; x_wconf 65' lang='lat' dir='ltr'><strong>Potine,</strong></span> <span class='ocrx_word' id='word_1_104' title='bbox 868 2419 993 2500; x_wconf 84' lang='lat' dir='ltr'><strong>exceptis</strong></span> <span class='ocrx_word' id='word_1_105' title='bbox 1007 2417 1124 2481; x_wconf 58' lang='lat' dir='ltr'>{Paulo</span> <span class='ocrx_word' id='word_1_106' title='bbox 1136 2419 1268 2479; x_wconf 78' lang='lat' dir='ltr'><strong>Manutio</strong></span> <span class='ocrx_word' id='word_1_107' title='bbox 1284 2441 1340 2479; x_wconf 83' lang='lat' dir='ltr'><strong>ex-</strong></span> 
     </span>
     <span class='ocr_line' id='line_1_19' title="bbox 375 2499 1339 2581; baseline -0.005 -18"><span class='ocrx_word' id='word_1_108' title='bbox 375 2517 409 2563; x_wconf 80' lang='lat' dir='ltr'><strong>nt</strong></span> <span class='ocrx_word' id='word_1_109' title='bbox 422 2503 544 2575; x_wconf 86' lang='lat' dir='ltr'><strong>videtur,</strong></span> <span class='ocrx_word' id='word_1_110' title='bbox 555 2507 737 2581; x_wconf 66' lang='lat' dir='ltr'><strong>quaeratione,</strong></span> <span class='ocrx_word' id='word_1_111' title='bbox 752 2500 850 2559; x_wconf 60' lang='lat' dir='ltr'><strong>omiss&amp;</strong></span> <span class='ocrx_word' id='word_1_112' title='bbox 868 2500 948 2573; x_wconf 82' lang='lat' dir='ltr'><strong>rufis,</strong></span> <span class='ocrx_word' id='word_1_113' title='bbox 975 2500 1005 2559; x_wconf 87' lang='lat' dir='ltr'><strong>in</strong></span> <span class='ocrx_word' id='word_1_114' title='bbox 1028 2500 1130 2578; x_wconf 84' lang='lat' dir='ltr'><strong>quibus</strong></span> <span class='ocrx_word' id='word_1_115' title='bbox 1153 2499 1256 2577; x_wconf 86' lang='lat' dir='ltr'><strong>legitur</strong></span> <span class='ocrx_word' id='word_1_116' title='bbox 1274 2524 1339 2558; x_wconf 81' lang='lat' dir='ltr'><strong>con-</strong></span> 
     </span>
     <span class='ocr_line' id='line_1_20' title="bbox 373 2578 1340 2661; baseline -0.004 -19"><span class='ocrx_word' id='word_1_117' title='bbox 373 2582 578 2661; x_wconf 82' lang='lat' dir='ltr'><strong>praepotitione.</strong></span> <span class='ocrx_word' id='word_1_118' title='bbox 877 2584 994 2649; x_wconf 68' lang='lat' dir='ltr'><strong>ormari.</strong></span> <span class='ocrx_word' id='word_1_119' title='bbox 1052 2578 1136 2638; x_wconf 85' lang='lat' dir='ltr'><strong>Hanc</strong></span> <span class='ocrx_word' id='word_1_120' title='bbox 1171 2579 1340 2655; x_wconf 81' lang='lat' dir='ltr'><strong>postremam</strong></span> 
     </span>
     <span class='ocr_line' id='line_1_21' title="bbox 373 2654 1339 2737; baseline 0.001 -22"><span class='ocrx_word' id='word_1_121' title='bbox 373 2678 377 2685; x_wconf 90' lang='lat'><em>·</em></span> <span class='ocrx_word' id='word_1_122' title='bbox 418 2660 462 2737; x_wconf 74' lang='lat' dir='ltr'><strong>(a)</strong></span> <span class='ocrx_word' id='word_1_123' title='bbox 486 2663 581 2718; x_wconf 82' lang='lat' dir='ltr'><strong>Omnis</strong></span> <span class='ocrx_word' id='word_1_124' title='bbox 594 2661 626 2715; x_wconf 87' lang='lat' dir='ltr'><strong>de</strong></span> <span class='ocrx_word' id='word_1_125' title='bbox 638 2657 718 2729; x_wconf 74' lang='lat' dir='ltr'><strong>rrfficio</strong></span> <span class='ocrx_word' id='word_1_126' title='bbox 737 2654 847 2735; x_wconf 77' lang='lat' dir='ltr'><strong>duplex]</strong></span> <span class='ocrx_word' id='word_1_127' title='bbox 867 2676 965 2714; x_wconf 91' lang='lat' dir='ltr'><strong>vocern</strong></span> <span class='ocrx_word' id='word_1_128' title='bbox 983 2658 1150 2717; x_wconf 80' lang='lat' dir='ltr'><strong>recentiores</strong></span> <span class='ocrx_word' id='word_1_129' title='bbox 1167 2656 1295 2725; x_wconf 79' lang='lat' dir='ltr'><strong>Editores</strong></span> <span class='ocrx_word' id='word_1_130' title='bbox 1308 2659 1339 2717; x_wconf 88' lang='lat' dir='ltr'><strong>in</strong></span> 
     </span>
     <span class='ocr_line' id='line_1_22' title="bbox 374 2735 1339 2815; baseline -0.001 -20"><span class='ocrx_word' id='word_1_131' title='bbox 374 2736 478 2797; x_wconf 88' lang='lat' dir='ltr'><strong>Cicero</strong></span> <span class='ocrx_word' id='word_1_132' title='bbox 490 2737 620 2815; x_wconf 80' lang='lat' dir='ltr'><strong>scripsrffe</strong></span> <span class='ocrx_word' id='word_1_133' title='bbox 632 2736 752 2806; x_wconf 81' lang='lat' dir='ltr'><strong>videtur,</strong></span> <span class='ocrx_word' id='word_1_134' title='bbox 768 2738 850 2791; x_wconf 80' lang='lat' dir='ltr'><strong>Omni</strong></span> <span class='ocrx_word' id='word_1_135' title='bbox 867 2735 992 2793; x_wconf 83' lang='lat' dir='ltr'><strong>Texturn</strong></span> <span class='ocrx_word' id='word_1_136' title='bbox 1028 2752 1218 2814; x_wconf 87' lang='lat' dir='ltr'><strong>receperunt:</strong></span> <span class='ocrx_word' id='word_1_137' title='bbox 1266 2736 1339 2815; x_wconf 79' lang='lat' dir='ltr'><strong>quid</strong></span> 
     </span>
     <span class='ocr_line' id='line_1_23' title="bbox 373 2811 1340 2893; baseline -0.002 -18"><span class='ocrx_word' id='word_1_138' title='bbox 373 2819 409 2875; x_wconf 76' lang='lat' dir='ltr'><strong>de</strong></span> <span class='ocrx_word' id='word_1_139' title='bbox 431 2817 533 2888; x_wconf 57' lang='lat' dir='ltr'><strong>officim</strong></span> <span class='ocrx_word' id='word_1_140' title='bbox 557 2815 578 2872; x_wconf 84' lang='lat' dir='ltr'><strong>i.</strong></span> <span class='ocrx_word' id='word_1_141' title='bbox 600 2834 627 2871; x_wconf 88' lang='lat' dir='ltr'><strong>e.</strong></span> <span class='ocrx_word' id='word_1_142' title='bbox 651 2814 686 2872; x_wconf 89' lang='lat' dir='ltr'><strong>de</strong></span> <span class='ocrx_word' id='word_1_143' title='bbox 708 2812 798 2872; x_wconf 86' lang='lat' dir='ltr'><strong>officio</strong></span> <span class='ocrx_word' id='word_1_144' title='bbox 819 2812 847 2871; x_wconf 89' lang='lat' dir='ltr'><strong>in</strong></span> <span class='ocrx_word' id='word_1_145' title='bbox 865 2811 940 2871; x_wconf 84' lang='lat' dir='ltr'><strong>enirn</strong></span> <span class='ocrx_word' id='word_1_146' title='bbox 962 2814 1068 2873; x_wconf 80' lang='lat' dir='ltr'><strong>aiunt?</strong></span> <span class='ocrx_word' id='word_1_147' title='bbox 1098 2836 1168 2874; x_wconf 86' lang='lat' dir='ltr'><strong>num</strong></span> <span class='ocrx_word' id='word_1_148' title='bbox 1192 2816 1340 2893; x_wconf 72' lang='lat' dir='ltr'><strong>preceptis</strong></span> 
     </span>
     <span class='ocr_line' id='line_1_24' title="bbox 373 2888 1338 2973; baseline -0.001 -20"><span class='ocrx_word' id='word_1_149' title='bbox 373 2915 490 2973; x_wconf 83' lang='lat' dir='ltr'><strong>genere.</strong></span> <span class='ocrx_word' id='word_1_150' title='bbox 504 2896 578 2953; x_wconf 58' lang='lat' dir='ltr'>&lt;Duo</span> <span class='ocrx_word' id='word_1_151' title='bbox 590 2894 654 2951; x_wconf 87' lang='lat' dir='ltr'><strong>sunt</strong></span> <span class='ocrx_word' id='word_1_152' title='bbox 666 2892 846 2971; x_wconf 70' lang='lat' dir='ltr'><strong>questionum</strong></span> <span class='ocrx_word' id='word_1_153' title='bbox 864 2888 922 2947; x_wconf 84' lang='lat' dir='ltr'><strong>vita</strong></span> <span class='ocrx_word' id='word_1_154' title='bbox 941 2894 1139 2967; x_wconf 80' lang='lat' dir='ltr'><strong>confirmatur?</strong></span> <span class='ocrx_word' id='word_1_155' title='bbox 1167 2914 1259 2953; x_wconf 88' lang='lat' dir='ltr'><strong>nonne</strong></span> <span class='ocrx_word' id='word_1_156' title='bbox 1283 2913 1338 2971; x_wconf 89' lang='lat' dir='ltr'><strong>po-</strong></span> 
     </span>
     <span class='ocr_line' id='line_1_25' title="bbox 372 2967 1337 3050; baseline -0.002 -19"><span class='ocrx_word' id='word_1_157' title='bbox 372 2975 410 3032; x_wconf 89' lang='lat' dir='ltr'><strong>de</strong></span> <span class='ocrx_word' id='word_1_158' title='bbox 420 2974 522 3033; x_wconf 87' lang='lat' dir='ltr'><strong>Officio</strong></span> <span class='ocrx_word' id='word_1_159' title='bbox 531 2991 643 3050; x_wconf 84' lang='lat' dir='ltr'><strong>genera,</strong></span> <span class='ocrx_word' id='word_1_160' title='bbox 658 2990 760 3048; x_wconf 84' lang='lat' dir='ltr'><strong>nempe</strong></span> <span class='ocrx_word' id='word_1_161' title='bbox 773 2970 849 3047; x_wconf 82' lang='lat' dir='ltr'><strong>quod</strong></span> <span class='ocrx_word' id='word_1_162' title='bbox 865 2967 918 3027; x_wconf 84' lang='lat' dir='ltr'><strong>tius</strong></span> <span class='ocrx_word' id='word_1_163' title='bbox 939 2987 984 3026; x_wconf 78' lang='lat' dir='ltr'><strong>cen</strong></span> <span class='ocrx_word' id='word_1_164' title='bbox 1000 2974 1151 3031; x_wconf 75' lang='lat' dir='ltr'><strong>armatur?</strong></span> <span class='ocrx_word' id='word_1_165' title='bbox 1179 2974 1219 3029; x_wconf 82' lang='lat' dir='ltr'><strong>At</strong></span> <span class='ocrx_word' id='word_1_166' title='bbox 1237 2974 1337 3035; x_wconf 86' lang='lat' dir='ltr'><strong>merni-</strong></span> 
     </span>
     <span class='ocr_line' id='line_1_26' title="bbox 345 3048 1337 3130; baseline -0.002 -17"><span class='ocrx_word' id='word_1_167' title='bbox 345 3057 349 3061; x_wconf 80' lang='grc'><strong>’</strong></span> <span class='ocrx_word' id='word_1_168' title='bbox 372 3052 409 3113; x_wconf 79' lang='lat' dir='ltr'><strong>ad</strong></span> <span class='ocrx_word' id='word_1_169' title='bbox 434 3052 587 3113; x_wconf 77' lang='lat' dir='ltr'><strong>Theonam</strong></span> <span class='ocrx_word' id='word_1_170' title='bbox 613 3051 660 3108; x_wconf 84' lang='lat' dir='ltr'><strong>seu</strong></span> <span class='ocrx_word' id='word_1_171' title='bbox 683 3049 847 3130; x_wconf 81' lang='lat' dir='ltr'><strong>speculatio·</strong></span> <span class='ocrx_word' id='word_1_172' title='bbox 864 3048 935 3105; x_wconf 89' lang='lat' dir='ltr'><strong>nerit</strong></span> <span class='ocrx_word' id='word_1_173' title='bbox 990 3051 1065 3108; x_wconf 72' lang='lat' dir='ltr'><strong>ector</strong></span> <span class='ocrx_word' id='word_1_174' title='bbox 1089 3050 1256 3109; x_wconf 87' lang='lat' dir='ltr'><strong>Ciceronem</strong></span> <span class='ocrx_word' id='word_1_175' title='bbox 1280 3052 1337 3111; x_wconf 90' lang='lat' dir='ltr'><strong>hoc</strong></span> 
     </span>
     <span class='ocr_line' id='line_1_27' title="bbox 372 3126 1339 3209; baseline -0.003 -18"><span class='ocrx_word' id='word_1_176' title='bbox 372 3151 441 3192; x_wconf 85' lang='lat' dir='ltr'><strong>nem</strong></span> <span class='ocrx_word' id='word_1_177' title='bbox 469 3130 601 3209; x_wconf 86' lang='lat' dir='ltr'><strong>pertinet,</strong></span> <span class='ocrx_word' id='word_1_178' title='bbox 642 3134 668 3187; x_wconf 77' lang='grc' dir='ltr'><strong>δι</strong></span> <span class='ocrx_word' id='word_1_179' title='bbox 702 3128 781 3207; x_wconf 88' lang='lat' dir='ltr'>quod</span> <span class='ocrx_word' id='word_1_180' title='bbox 814 3129 846 3185; x_wconf 84' lang='lat' dir='ltr'><strong>ad</strong></span> <span class='ocrx_word' id='word_1_181' title='bbox 864 3146 920 3184; x_wconf 89' lang='lat' dir='ltr'><strong>non</strong></span> <span class='ocrx_word' id='word_1_182' title='bbox 941 3126 975 3185; x_wconf 91' lang='lat' dir='ltr'><strong>de</strong></span> <span class='ocrx_word' id='word_1_183' title='bbox 997 3127 1066 3196; x_wconf 56' lang='lat' dir='ltr'><strong>virt,</strong></span> <span class='ocrx_word' id='word_1_184' title='bbox 1089 3130 1132 3187; x_wconf 90' lang='lat' dir='ltr'><strong>sed</strong></span> <span class='ocrx_word' id='word_1_185' title='bbox 1151 3130 1188 3189; x_wconf 89' lang='lat' dir='ltr'><strong>de</strong></span> <span class='ocrx_word' id='word_1_186' title='bbox 1202 3133 1249 3207; x_wconf 84' lang='lat' dir='ltr'><strong>usu</strong></span> <span class='ocrx_word' id='word_1_187' title='bbox 1262 3136 1339 3188; x_wconf 80' lang='lat' dir='ltr'><strong>vitae</strong></span> 
     </span>
     <span class='ocr_line' id='line_1_28' title="bbox 372 3204 1336 3289; baseline -0.005 -15"><span class='ocrx_word' id='word_1_188' title='bbox 372 3209 497 3274; x_wconf 82' lang='lat' dir='ltr'><strong>Praxin:</strong></span> <span class='ocrx_word' id='word_1_189' title='bbox 521 3210 596 3289; x_wconf 86' lang='lat' dir='ltr'><strong>prius</strong></span> <span class='ocrx_word' id='word_1_190' title='bbox 610 3229 697 3286; x_wconf 86' lang='lat' dir='ltr'><strong>genus</strong></span> <span class='ocrx_word' id='word_1_191' title='bbox 715 3206 843 3279; x_wconf 86' lang='lat' dir='ltr'><strong>ostendit,</strong></span> <span class='ocrx_word' id='word_1_192' title='bbox 864 3204 974 3265; x_wconf 86' lang='lat' dir='ltr'><strong>dicere:</strong></span> <span class='ocrx_word' id='word_1_193' title='bbox 998 3206 1097 3267; x_wconf 86' lang='lat' dir='ltr'><strong>Sensus</strong></span> <span class='ocrx_word' id='word_1_194' title='bbox 1112 3208 1150 3266; x_wconf 82' lang='lat' dir='ltr'><strong>est</strong></span> <span class='ocrx_word' id='word_1_195' title='bbox 1160 3234 1168 3279; x_wconf 67' lang='grc' dir='ltr'><strong><em>ς</em></strong></span> <span class='ocrx_word' id='word_1_196' title='bbox 1193 3208 1247 3267; x_wconf 88' lang='lat' dir='ltr'><strong>His</strong></span> <span class='ocrx_word' id='word_1_197' title='bbox 1264 3228 1336 3287; x_wconf 83' lang='lat' dir='ltr'><strong>prae·</strong></span> 
     </span>
     <span class='ocr_line' id='line_1_29' title="bbox 370 3283 1336 3369; baseline -0.002 -20"><span class='ocrx_word' id='word_1_198' title='bbox 370 3289 436 3369; x_wconf 82' lang='lat' dir='ltr'><strong>quis</strong></span> <span class='ocrx_word' id='word_1_199' title='bbox 449 3292 482 3349; x_wconf 87' lang='lat' dir='ltr'><strong>fit</strong></span> <span class='ocrx_word' id='word_1_200' title='bbox 494 3289 557 3349; x_wconf 83' lang='lat' dir='ltr'><strong>finis</strong></span> <span class='ocrx_word' id='word_1_201' title='bbox 571 3290 727 3355; x_wconf 83' lang='lat' dir='ltr'><strong>bonorum3</strong></span> <span class='ocrx_word' id='word_1_202' title='bbox 744 3286 846 3363; x_wconf 85' lang='lat' dir='ltr'><strong>dequo</strong></span> <span class='ocrx_word' id='word_1_203' title='bbox 863 3283 950 3360; x_wconf 86' lang='lat' dir='ltr'><strong>ceptis</strong></span> <span class='ocrx_word' id='word_1_204' title='bbox 971 3284 990 3343; x_wconf 87' lang='lat' dir='ltr'><strong>ii</strong></span> <span class='ocrx_word' id='word_1_205' title='bbox 1003 3306 1106 3358; x_wconf 87' lang='lat' dir='ltr'><strong>mores,</strong></span> <span class='ocrx_word' id='word_1_206' title='bbox 1127 3287 1177 3366; x_wconf 85' lang='lat' dir='ltr'><strong>qui</strong></span> <span class='ocrx_word' id='word_1_207' title='bbox 1197 3286 1270 3346; x_wconf 85' lang='lat' dir='ltr'><strong>inter</strong></span> <span class='ocrx_word' id='word_1_208' title='bbox 1282 3290 1336 3347; x_wconf 90' lang='lat' dir='ltr'><strong>ho·</strong></span> 
     </span>
     <span class='ocr_line' id='line_1_30' title="bbox 371 3362 1334 3443; baseline -0.002 -16"><span class='ocrx_word' id='word_1_209' title='bbox 371 3368 446 3427; x_wconf 89' lang='lat' dir='ltr'><strong>nihil</strong></span> <span class='ocrx_word' id='word_1_210' title='bbox 457 3368 487 3425; x_wconf 88' lang='lat' dir='ltr'><strong>in</strong></span> <span class='ocrx_word' id='word_1_211' title='bbox 500 3368 543 3426; x_wconf 81' lang='lat' dir='ltr'><strong>his</strong></span> <span class='ocrx_word' id='word_1_212' title='bbox 555 3366 631 3425; x_wconf 86' lang='lat' dir='ltr'><strong>libris</strong></span> <span class='ocrx_word' id='word_1_213' title='bbox 645 3365 746 3424; x_wconf 87' lang='lat' dir='ltr'><strong>Cicero</strong></span> <span class='ocrx_word' id='word_1_214' title='bbox 755 3364 844 3423; x_wconf 69' lang='lat' dir='ltr'><strong>dictu·</strong></span> <span class='ocrx_word' id='word_1_215' title='bbox 864 3362 951 3421; x_wconf 81' lang='lat' dir='ltr'><strong>mines</strong></span> <span class='ocrx_word' id='word_1_216' title='bbox 974 3365 1024 3421; x_wconf 84' lang='lat' dir='ltr'><strong>usu</strong></span> <span class='ocrx_word' id='word_1_217' title='bbox 1042 3365 1105 3423; x_wconf 88' lang='lat' dir='ltr'><strong>sunt</strong></span> <span class='ocrx_word' id='word_1_218' title='bbox 1129 3366 1245 3443; x_wconf 87' lang='lat' dir='ltr'><strong>recepti,</strong></span> <span class='ocrx_word' id='word_1_219' title='bbox 1265 3387 1334 3425; x_wconf 87' lang='lat' dir='ltr'><strong>con-</strong></span> 
     </span>
    </p>
   </div>
   <div class='ocr_carea' id='block_1_5' title="bbox 253 3440 1336 3523">
    <p class='ocr_par' dir='ltr' id='par_1_6' title="bbox 253 3440 1336 3523">
     <span class='ocr_line' id='line_1_31' title="bbox 253 3440 1336 3523; baseline -0.005 -15"><span class='ocrx_word' id='word_1_220' title='bbox 253 3500 258 3519; x_wconf 70' lang='lat'><em>,</em></span> <span class='ocrx_word' id='word_1_221' title='bbox 370 3466 420 3507; x_wconf 86' lang='lat' dir='ltr'><strong>rus</strong></span> <span class='ocrx_word' id='word_1_222' title='bbox 438 3446 487 3517; x_wconf 87' lang='lat' dir='ltr'><strong>est,</strong></span> <span class='ocrx_word' id='word_1_223' title='bbox 509 3446 575 3504; x_wconf 71' lang='lat' dir='ltr'><strong>crim</strong></span> <span class='ocrx_word' id='word_1_224' title='bbox 589 3466 652 3505; x_wconf 87' lang='lat' dir='ltr'><strong>eam</strong></span> <span class='ocrx_word' id='word_1_225' title='bbox 665 3442 843 3519; x_wconf 67' lang='lat' dir='ltr'><strong>quaestionem</strong></span> <span class='ocrx_word' id='word_1_226' title='bbox 863 3440 1018 3501; x_wconf 84' lang='lat' dir='ltr'><strong>firmantur.</strong></span> <span class='ocrx_word' id='word_1_227' title='bbox 1053 3444 1165 3501; x_wconf 78' lang='lat' dir='ltr'><strong>Natura</strong></span> <span class='ocrx_word' id='word_1_228' title='bbox 1178 3444 1281 3523; x_wconf 83' lang='lat' dir='ltr'><strong>(inquit</strong></span> <span class='ocrx_word' id='word_1_229' title='bbox 1291 3448 1336 3503; x_wconf 78' lang='lat' dir='ltr'><strong>A.</strong></span> 
     </span>
    </p>
   </div>
   <div class='ocr_carea' id='block_1_6' title="bbox 334 3520 1338 4242">
    <p class='ocr_par' dir='ltr' id='par_1_7' title="bbox 334 3520 1338 4242">
     <span class='ocr_line' id='line_1_32' title="bbox 371 3520 1338 3603; baseline -0.001 -20"><span class='ocrx_word' id='word_1_230' title='bbox 371 3524 434 3584; x_wconf 72' lang='lat' dir='ltr'><strong>fuse</strong></span> <span class='ocrx_word' id='word_1_231' title='bbox 456 3525 597 3603; x_wconf 70' lang='lat' dir='ltr'><strong>pleneque</strong></span> <span class='ocrx_word' id='word_1_232' title='bbox 618 3522 741 3582; x_wconf 50' lang='lat' dir='ltr'><strong>tractarit</strong></span> <span class='ocrx_word' id='word_1_233' title='bbox 762 3521 792 3580; x_wconf 87' lang='lat' dir='ltr'><strong>in</strong></span> <span class='ocrx_word' id='word_1_234' title='bbox 813 3520 844 3579; x_wconf 83' lang='lat' dir='ltr'><strong>iis</strong></span> <span class='ocrx_word' id='word_1_235' title='bbox 861 3522 1015 3599; x_wconf 87' lang='lat' dir='ltr'><strong>nonymus)</strong></span> <span class='ocrx_word' id='word_1_236' title='bbox 1037 3520 1071 3581; x_wconf 86' lang='lat' dir='ltr'><strong>ad</strong></span> <span class='ocrx_word' id='word_1_237' title='bbox 1092 3522 1225 3581; x_wconf 85' lang='lat' dir='ltr'><strong>Officium</strong></span> <span class='ocrx_word' id='word_1_238' title='bbox 1239 3523 1338 3595; x_wconf 76' lang='lat' dir='ltr'><strong>ducit;</strong></span> 
     </span>
     <span class='ocr_line' id='line_1_33' title="bbox 369 3600 1335 3689; baseline 0 -28"><span class='ocrx_word' id='word_1_239' title='bbox 369 3604 499 3683; x_wconf 86' lang='lat' dir='ltr'><strong>quinque</strong></span> <span class='ocrx_word' id='word_1_240' title='bbox 513 3602 600 3676; x_wconf 84' lang='lat' dir='ltr'><strong>libris,</strong></span> <span class='ocrx_word' id='word_1_241' title='bbox 622 3601 672 3679; x_wconf 86' lang='lat' dir='ltr'><strong>qni</strong></span> <span class='ocrx_word' id='word_1_242' title='bbox 690 3600 845 3659; x_wconf 85' lang='lat' dir='ltr'><strong>inscribun-</strong></span> <span class='ocrx_word' id='word_1_243' title='bbox 862 3600 1006 3689; x_wconf 85' lang='lat' dir='ltr'><strong>praeceptis</strong></span> <span class='ocrx_word' id='word_1_244' title='bbox 1038 3600 1223 3677; x_wconf 76' lang='lat' dir='ltr'><strong>confirmatur,</strong></span> <span class='ocrx_word' id='word_1_245' title='bbox 1257 3604 1335 3681; x_wconf 87' lang='lat' dir='ltr'>quod</span> 
     </span>
     <span class='ocr_line' id='line_1_34' title="bbox 368 3677 1336 3761; baseline -0.006 -22"><span class='ocrx_word' id='word_1_246' title='bbox 368 3699 418 3751; x_wconf 74' lang='lat' dir='ltr'><strong>tur</strong></span> <span class='ocrx_word' id='word_1_247' title='bbox 429 3685 461 3740; x_wconf 84' lang='lat' dir='ltr'><strong>de</strong></span> <span class='ocrx_word' id='word_1_248' title='bbox 473 3682 588 3741; x_wconf 82' lang='lat' dir='ltr'><strong>Finibus</strong></span> <span class='ocrx_word' id='word_1_249' title='bbox 601 3677 774 3739; x_wconf 75' lang='lat' dir='ltr'><strong>bonorum&amp;</strong></span> <span class='ocrx_word' id='word_1_250' title='bbox 786 3702 845 3735; x_wconf 88' lang='lat' dir='ltr'><strong>ma·</strong></span> <span class='ocrx_word' id='word_1_251' title='bbox 860 3679 908 3735; x_wconf 80' lang='lat' dir='ltr'><strong>rlta</strong></span> <span class='ocrx_word' id='word_1_252' title='bbox 925 3678 1122 3749; x_wconf 81' lang='lat' dir='ltr'><strong>inchoaverat3</strong></span> <span class='ocrx_word' id='word_1_253' title='bbox 1144 3685 1257 3761; x_wconf 64' lang='lat' dir='ltr'><strong>redipee</strong></span> <span class='ocrx_word' id='word_1_254' title='bbox 1277 3686 1336 3740; x_wconf 65' lang='lat' dir='ltr'><strong>cul-</strong></span> 
     </span>
     <span class='ocr_line' id='line_1_35' title="bbox 368 3757 1334 3837; baseline -0.002 -17"><span class='ocrx_word' id='word_1_255' title='bbox 368 3764 465 3822; x_wconf 84' lang='lat' dir='ltr'><strong>lorum.</strong></span> <span class='ocrx_word' id='word_1_256' title='bbox 483 3768 485 3771; x_wconf 78' lang='grc'>’</span> <span class='ocrx_word' id='word_1_257' title='bbox 507 3762 623 3837; x_wconf 83' lang='lat' dir='ltr'><strong>Duplex</strong></span> <span class='ocrx_word' id='word_1_258' title='bbox 646 3758 685 3817; x_wconf 85' lang='lat' dir='ltr'><strong>est</strong></span> <span class='ocrx_word' id='word_1_259' title='bbox 701 3759 771 3817; x_wconf 90' lang='lat' dir='ltr'><strong>item</strong></span> <span class='ocrx_word' id='word_1_260' title='bbox 792 3757 846 3815; x_wconf 85' lang='lat' dir='ltr'><strong>alia</strong></span> <span class='ocrx_word' id='word_1_261' title='bbox 862 3772 904 3813; x_wconf 86' lang='lat' dir='ltr'><strong>tus</strong></span> <span class='ocrx_word' id='word_1_262' title='bbox 909 3760 1017 3831; x_wconf 61' lang='lat' dir='ltr'><strong>pedara</strong></span> <span class='ocrx_word' id='word_1_263' title='bbox 1030 3758 1167 3833; x_wconf 84' lang='lat' dir='ltr'><strong>roborant,</strong></span> <span class='ocrx_word' id='word_1_264' title='bbox 1184 3759 1334 3819; x_wconf 89' lang='lat' dir='ltr'><strong>utaitHo·</strong></span> 
     </span>
     <span class='ocr_line' id='line_1_36' title="bbox 334 3834 1292 3916; baseline -0.005 -15"><span class='ocrx_word' id='word_1_265' title='bbox 334 3897 336 3902; x_wconf 13' lang='lat' dir='ltr'><strong>r</strong></span> <span class='ocrx_word' id='word_1_266' title='bbox 368 3840 405 3900; x_wconf 85' lang='lat' dir='ltr'><strong>de</strong></span> <span class='ocrx_word' id='word_1_267' title='bbox 430 3839 521 3899; x_wconf 89' lang='lat' dir='ltr'><strong>officio</strong></span> <span class='ocrx_word' id='word_1_268' title='bbox 551 3838 676 3916; x_wconf 86' lang='lat' dir='ltr'><strong>quaestio,</strong></span> <span class='ocrx_word' id='word_1_269' title='bbox 711 3837 750 3895; x_wconf 86' lang='lat' dir='ltr'><strong>sc.</strong></span> <span class='ocrx_word' id='word_1_270' title='bbox 777 3837 845 3895; x_wconf 82' lang='lat' dir='ltr'><strong>fitne</strong></span> <span class='ocrx_word' id='word_1_271' title='bbox 863 3836 947 3893; x_wconf 75' lang='lat' dir='ltr'><strong>ratius</strong></span> <span class='ocrx_word' id='word_1_272' title='bbox 961 3834 989 3893; x_wconf 91' lang='lat' dir='ltr'><strong>in</strong></span> <span class='ocrx_word' id='word_1_273' title='bbox 1006 3836 1103 3896; x_wconf 88' lang='lat' dir='ltr'><strong>Carm.</strong></span> <span class='ocrx_word' id='word_1_274' title='bbox 1118 3834 1176 3897; x_wconf 88' lang='lat' dir='ltr'><strong>IV.</strong></span> <span class='ocrx_word' id='word_1_275' title='bbox 1191 3837 1230 3895; x_wconf 92' lang='lat' dir='ltr'><strong>iv.</strong></span> <span class='ocrx_word' id='word_1_276' title='bbox 1247 3858 1292 3915; x_wconf 84' lang='lat'><strong>34.</strong></span> 
     </span>
     <span class='ocr_line' id='line_1_37' title="bbox 368 3914 1337 3999; baseline -0.002 -22"><span class='ocrx_word' id='word_1_277' title='bbox 368 3915 527 3999; x_wconf 66' lang='lat' dir='ltr'><strong>perfeetum</strong></span> <span class='ocrx_word' id='word_1_278' title='bbox 540 3939 576 3975; x_wconf 85' lang='lat' dir='ltr'><strong>an</strong></span> <span class='ocrx_word' id='word_1_279' title='bbox 589 3916 725 3975; x_wconf 86' lang='lat' dir='ltr'><strong>medium.</strong></span> <span class='ocrx_word' id='word_1_280' title='bbox 905 3914 947 3989; x_wconf 88' lang='lat' dir='ltr'><strong>(c)</strong></span> <span class='ocrx_word' id='word_1_281' title='bbox 970 3918 1103 3975; x_wconf 80' lang='lat' dir='ltr'><strong>Omnium</strong></span> <span class='ocrx_word' id='word_1_282' title='bbox 1122 3918 1208 3993; x_wconf 83' lang='lat' dir='ltr'><em>officia</em></span> <span class='ocrx_word' id='word_1_283' title='bbox 1216 3920 1337 3995; x_wconf 60' lang='lat' dir='ltr'><strong>perferte</strong></span> 
     </span>
     <span class='ocr_line' id='line_1_38' title="bbox 375 3992 1334 4073; baseline -0.001 -18"><span class='ocrx_word' id='word_1_284' title='bbox 375 4001 377 4005; x_wconf 81' lang='grc'><strong>’</strong></span> <span class='ocrx_word' id='word_1_285' title='bbox 411 3998 456 4073; x_wconf 89' lang='lat' dir='ltr'><strong>(b)</strong></span> <span class='ocrx_word' id='word_1_286' title='bbox 479 3994 646 4073; x_wconf 77' lang='lat' dir='ltr'><strong>corfirmari]</strong></span> <span class='ocrx_word' id='word_1_287' title='bbox 670 3996 714 4053; x_wconf 85' lang='lat' dir='ltr'><strong>Ita</strong></span> <span class='ocrx_word' id='word_1_288' title='bbox 735 4008 844 4053; x_wconf 86' lang='lat' dir='ltr'><strong>veteres</strong></span> <span class='ocrx_word' id='word_1_289' title='bbox 882 3997 935 4049; x_wconf 76' lang='lat' dir='ltr'><strong>nt?</strong></span> <span class='ocrx_word' id='word_1_290' title='bbox 957 3992 1027 4065; x_wconf 89' lang='lat' dir='ltr'><strong>&amp;c.]</strong></span> <span class='ocrx_word' id='word_1_291' title='bbox 1048 3994 1068 4052; x_wconf 89' lang='lat' dir='ltr'><strong>i.</strong></span> <span class='ocrx_word' id='word_1_292' title='bbox 1082 4014 1108 4054; x_wconf 88' lang='lat' dir='ltr'><strong>e.</strong></span> <span class='ocrx_word' id='word_1_293' title='bbox 1130 3995 1334 4055; x_wconf 83' lang='lat' dir='ltr'><strong>Omnianefint</strong></span> 
     </span>
     <span class='ocr_line' id='line_1_39' title="bbox 368 4069 1335 4157; baseline -0.001 -23"><span class='ocrx_word' id='word_1_294' title='bbox 368 4075 525 4147; x_wconf 80' lang='lat' dir='ltr'><strong>Editioner‚</strong></span> <span class='ocrx_word' id='word_1_295' title='bbox 535 4093 658 4155; x_wconf 88' lang='lat' dir='ltr'><strong>quatuor</strong></span> <span class='ocrx_word' id='word_1_296' title='bbox 668 4072 754 4151; x_wconf 86' lang='lat' dir='ltr'><strong>Regii</strong></span> <span class='ocrx_word' id='word_1_297' title='bbox 765 4072 843 4143; x_wconf 73' lang='lat' dir='ltr'><strong>Met,</strong></span> <span class='ocrx_word' id='word_1_298' title='bbox 883 4069 1007 4129; x_wconf 62' lang='lat' dir='ltr'><strong>efferta?</strong></span> <span class='ocrx_word' id='word_1_299' title='bbox 1029 4078 1066 4145; x_wconf 76' lang='grc' dir='ltr'><strong>δι,</strong></span> <span class='ocrx_word' id='word_1_300' title='bbox 1089 4075 1109 4134; x_wconf 85' lang='lat' dir='ltr'>fi</span> <span class='ocrx_word' id='word_1_301' title='bbox 1129 4094 1186 4135; x_wconf 89' lang='lat' dir='ltr'><strong>non</strong></span> <span class='ocrx_word' id='word_1_302' title='bbox 1199 4074 1335 4157; x_wconf 70' lang='lat' dir='ltr'><strong>perfetta,</strong></span> 
     </span>
     <span class='ocr_line' id='line_1_40' title="bbox 368 4150 1064 4242; baseline -0.001 -25"><span class='ocrx_word' id='word_1_303' title='bbox 368 4156 522 4242; x_wconf 75' lang='lat' dir='ltr'><strong>omnesque</strong></span> <span class='ocrx_word' id='word_1_304' title='bbox 532 4153 656 4238; x_wconf 86' lang='lat' dir='ltr'><strong>(opinor)</strong></span> <span class='ocrx_word' id='word_1_305' title='bbox 665 4153 725 4228; x_wconf 82' lang='lat' dir='ltr'><strong>alii,</strong></span> <span class='ocrx_word' id='word_1_306' title='bbox 737 4150 847 4212; x_wconf 86' lang='lat' dir='ltr'>duobus</span> <span class='ocrx_word' id='word_1_307' title='bbox 903 4167 950 4211; x_wconf 88' lang='lat' dir='ltr'><strong>tne</strong></span> <span class='ocrx_word' id='word_1_308' title='bbox 963 4151 1064 4232; x_wconf 76' lang='lat' dir='ltr'><strong>paria?</strong></span> 
     </span>
    </p>
   </div>
   <div class='ocr_carea' id='block_1_7' title="bbox 0 0 1414 4850">
    <p class='ocr_par' dir='ltr' id='par_1_8' title="bbox 0 0 1414 4850">
     <span class='ocr_line' id='line_1_41' title="bbox 0 0 1414 4850; baseline 0 5"><span class='ocrx_word' id='word_1_309' title='bbox 0 0 1414 4850; x_wconf 95' lang='lat' dir='ltr'><strong> </strong></span> 
     </span>
    </p>
   </div>
   <div class='ocr_carea' id='block_1_8' title="bbox 1392 57 1432 4841">
    <p class='ocr_par' dir='ltr' id='par_1_9' title="bbox 1392 57 1432 4841">
     <span class='ocr_line' id='line_1_42' title="bbox 1392 57 1432 4841; baseline 0 0"><span class='ocrx_word' id='word_1_310' title='bbox 1392 57 1432 4841; x_wconf 95' lang='lat' dir='ltr'><strong> </strong></span> 
     </span>
    </p>
   </div>
  </div>
 </body>
</html>
