2825 4850
619 346 1070 471 DcOrrt‘crrs

379 547 519 662 potuit,
538 546 634 658 quid
650 546 850 657 optimum
866 543 969 643 elset,
983 546 1185 655 judicare·
1228 549 1344 641 Nam

379 661 484 773 quod
500 653 515 697 ⁸
534 662 748 742 Herculem
767 656 990 743 Prodicium
1024 658 1174 758 dicunt,
1214 680 1266 741 ut
1294 659 1346 744 est

380 772 482 881 apud
513 771 829 880 Xenophontem,
877 768 1179 879 cumprimum
1213 776 1345 881 pube·

381 882 499 967 secret
519 884 647 995 (quod
682 904 835 991 tempus
868 880 889 961 “a
914 900 1049 965 natura
1088 882 1135 961 ad
1164 883 1343 996 deligen-

382 998 494 1091 dum,
534 1024 654 1106 quam
687 987 858 1104 quisque
881 990 985 1075 viam
1015 992 1178 1083 vivendi,
1200 996 1251 1076 fit
1284 996 1344 1076 in·

381 1105 585 1219 greflurus,
613 1106 747 1187 datum
766 1104 855 1216 est),
886 1102 998 1184 exill'e
1016 1104 1057 1187 in
1076 1101 1343 1205 solitudinem,

382 1240 497 1328 atque
534 1218 589 1299 ibi
618 1215 826 1312 sedentem,
852 1214 917 1295 diu
936 1214 1065 1299 secum
1084 1219 1342 1327 multumque

383 1328 581 1428 dubitalse,
607 1327 699 1413 clun
713 1328 806 1411 duas
821 1347 987 1407 cerneret
1009 1327 1098 1426 vias,
1120 1358 1240 1412 unam
1261 1333 1340 1412 Vo-

383 1441 554 1548 luptatis,
574 1442 733 1521 alteram
747 1436 926 1535 Virtutis,
944 1458 1070 1519 utram
1089 1438 1238 1550 ingredi
1258 1470 1340 1521 me·

382 1552 459 1633 lius
488 1549 598 1635 effer:
637 1550 712 1631 hoc
742 1547 918 1647 Herculi,
939 1547 949 1587 ¹
967 1550 1075 1658 Jovis
1106 1551 1184 1631 satu
1215 1552 1379 1679 editu,¹

384 1662 511 1771 potuit
528 1660 675 1743 sortalle
695 1661 940 1771 continger03
968 1662 1080 1757 nobis
1118 1693 1195 1745 non
1226 1664 1338 1761 item,
1378 1684 1379 1779 ᾗ

384 1773 454 1885 qui
472 1772 686 1872 imitamur,
710 1771 813 1883 'quos
832 1773 972 1883 cuique
992 1772 1114 1855 visum
1134 1774 1199 1871 est,
1221 1796 1339 1885 atque

384 1888 431 1965 ad
467 1916 604 1967 eorum
636 1886 757 1967 studia
793 1883 1040 1995 institutaque
1086 1883 1337 1995 impellimur.

384 1993 620 2104 Plerumque
637 2017 781 2092 autem,
800 1995 1016 2102 parentium
1034 1999 1233 2106 praeceptis
1263 1998 1339 2081 irn-

385 2104 488 2201 buti,
521 2107 569 2190 ad
600 2137 735 2189 eorum
765 2103 1095 2211 confltetudinem·
1111 2140 1340 2220 moremque

387 2216 632 2301 deducimur:
664 2218 728 2300 alii
747 2218 1008 2326 multitudinis
1030 2218 1179 2329 judicio
1207 2224 1335 2304 ferun·
1378 2224 1379 2231 '

386 2321 467 2429 tur,¹
507 2360 673 2441 quaeque
702 2330 845 2440 majori¹
869 2330 964 2440 parti
993 2331 1254 2442 pulcherrima
1282 2335 1335 2416 vi·

273 2447 277 2452 ’
330 2448 337 2458 ’
387 2444 539 2540 dentur,
562 2473 604 2525 ea
636 2443 805 2526 maxime
835 2463 1032 2552 exoptant:
1073 2445 1249 2529 nonnulli
1283 2469 1334 2528 ta·

388 2586 493 2650 men,
533 2555 605 2634 sive
643 2555 822 2636 felicitate
853 2556 1135 2664 quadam,s1ve
1169 2557 1334 2640 bonitate
1378 2557 1379 2646 l

273 2669 279 2678 ’
388 2685 545 2760 naturoe,
583 2665 656 2746 sure
670 2738 675 2746 ,
691 2663 908 2772 parentium
947 2661 1158 2776 disciplina,
1195 2673 1332 2752 retiam

387 2775 478 2856 vitae
495 2774 857 2858 secutisuntviam.'
976 2842 983 2860 ,
1078 2827 1080 2834 1
1220 2790 1222 2794 ’

1236 2893 1332 2974 tnui

274 3139 278 3149 ,
429 3074 481 3154 (li)
512 3074 656 3134 Herculem
678 3072 854 3147 Prodz’cium]
876 3075 1059 3154 pr.&Laud.
1072 3075 1100 3136 in
1113 3097 1201 3157 marg.
1217 3079 1330 3138 licenim
1378 3101 1379 3152 t

265 3209 267 3213 ,
389 3157 548 3234 Xenophon
574 3157 668 3213 lianc
713 3153 851 3212 historiam
874 3154 938 3212 alibi
963 3155 1068 3215 Noster
1086 3158 1232 3233 luquitnr3
1255 3176 1284 3216 ut
1305 3159 1331 3215 in
1378 3153 1379 3160 ἶ

387 3236 494 3315 scripfit
512 3235 542 3295 in
564 3233 614 3300 lib,
641 3232 682 3292 iii.
698 3233 850 3304 memorab.
875 3233 947 3291 libro
960 3233 998 3292 de
1010 3234 1099 3293 Univ.
1111 3257 1137 3294 c.
1158 3237 1189 3295 ii.
1202 3241 1331 3296 Ocmnrm
1378 3241 1379 3244 ’

388 3311 623 3377 aulloritateusur
634 3310 744 3379 Prodici
756 3309 850 3368 Philo·
877 3313 1065 3391 Salaciamque
1074 3317 1143 3372 Cali
1156 3315 1215 3373 satu
1231 3315 1330 3372 Yerrae·
1349 3349 1351 3354 .
1378 3341 1379 3350 2

388 3393 480 3473 sophi,
495 3392 545 3471 qui
556 3393 590 3449 de
602 3391 728 3448 Hercule
739 3391 851 3468 praecla-
875 3413 923 3470 que
934 3408 1055 3468 conceptu
1074 3410 1215 3470 generaras
1236 3393 1331 3454 editos·

388 3493 455 3532 rum
463 3490 532 3548 opus
541 3470 637 3529 edidit.
652 3473 852 3542 Maturantius.
873 3489 935 3606 {pue
944 3465 1119 3530 memoremus.
1161 3471 1238 3530 'Nec
1255 3471 1333 3531 aliter

388 3551 502 3612 Dicitur
512 3550 638 3623 Hercules
648 3549 806 3620 Prodicius,
822 3564 852 3606 ut

388 3629 418 3689 in
433 3628 489 3706 Ep.
508 3628 542 3686 ad
555 3625 623 3684 fam.
639 3647 672 3684 v,
687 3646 731 3684 12.
746 3627 852 3684 Hercu·
874 3628 991 3686 Deorum
999 3631 1068 3706 satu
1082 3635 1137 3686 orti
1148 3633 1217 3706 estis.
1257 3629 1292 3686 Et
1305 3627 1330 3682 in
1378 3685 1379 3688 ,

376 3705 646 3785 lesXenophonteus.
780 3771 782 3774 f
842 3749 844 3756 ,
873 3703 959 3765 Tusc.
978 3707 1049 3784 disp.
1072 3706 1105 3766 ii.
1121 3707 1148 3767 8.
1172 3729 1227 3766 una
1245 3725 1331 3778 verm

326 3827 332 3842 ,
429 3785 466 3863 (i)
487 3787 651 3869 Jovissatu
672 3782 757 3858 edito]
772 3783 852 3845 Mul·
874 3785 1149 3865 Jovispartucdita.
1195 3787 1240 3845 Ex
1250 3783 1331 3864 poetis

387 3863 587 3926 ttimdillldent
611 3863 657 3920 hle
682 3861 749 3920 MSi
772 3863 800 3920 in
823 3883 853 3921 re
876 3863 984 3942 videtur
999 3864 1192 3924 traxillehanc
1207 3859 1329 3944 loquendi
1378 3893 1379 3912 ι

388 3941 556 4019 nondubial:
575 3940 853 4018 sequorveruleerios
875 3939 1035 4020 formulam,
1059 3945 1145 4001 editus
1158 3947 1227 4022 satu
1240 3945 1330 4020 Jovis.

388 4044 455 4084 nem
470 4021 557 4080 MSS.
577 4020 656 4078 Mill.
681 4019 779 4079 Mead.
809 4041 851 4098 pr.
876 4019 987 4080 Nonius
1002 4021 1183 4096 invocesaru
1197 4018 1330 4082 dictem

330 4137 334 4146 ·
370 4133 374 4140 ·
389 4102 467 4181 Reg.
477 4117 560 4181 quart
575 4099 666 4160 Mert.
681 4100 736 4166 sec.
746 4099 854 4158 Graevii
875 4099 992 4179 pofitam
1006 4102 1059 4161 elle
1071 4103 1238 4181 proflmr'ne.

857 4214 862 4241 l
941 4223 945 4229 ·
1162 4239 1171 4250 ,
1204 4239 1208 4248 ,
1266 4215 1268 4224 ’

885 3549 985 3607 ereihi
999 3549 1194 3628 pauloposteu‚
1212 3551 1272 3622 Vos,
1288 3554 1331 3628 qui
1378 3595 1379 3616 2
