2825 4850
327 317 397 404 Li
418 344 441 399 n
460 344 534 401 nn
591 322 641 401 Il.
702 348 764 411 η.
1127 317 1212 433 ¹4⁸⁵.

82 508 177 605 lim,
198 505 250 604 iS‚
268 515 283 558 ⁸
300 507 367 617 qui
379 506 520 616 sapiens
532 507 745 617 usurpatur,
766 526 904 619 praetor
923 512 1037 623 fregit

81 624 122 703 ἃ
153 618 407 717 comminuit,
437 620 750 731 ferocitatemque
779 626 859 731 ejus
895 623 947 709 ita
980 655 1035 704 re·

83 732 234 837 pressit,
281 750 323 812 ut
354 730 463 812 facile
494 733 640 811 bellum
671 731 825 844 reliquis
862 736 1035 827 traderet.

85 841 195 921 Cum
214 841 336 952 igitur
353 863 457 922 tanta
474 840 531 921 vis
547 840 704 949 justitiae
722 844 778 943 sit,
807 846 849 925 ul
868 874 910 925 ea
921 844 1039 935 etiam

87 954 290 1035 latronum
303 982 393 1061 opes
411 944 539 1032 firrnet
554 974 669 1063 atque
685 976 832 1064 augeat,
852 976 1037 1067 quantam
1051 1042 1053 1047 ,

88 1064 168 1171 ejus
187 1063 274 1144 vim
288 1062 388 1145 inter
401 1065 502 1174 leges
519 1069 558 1144 δι
570 1063 766 1171 judicia&
780 1067 821 1147 in
836 1066 1038 1159 constituta
1065 1115 1067 1122 ·

90 1173 291 1280 republica
314 1176 394 1256 fore
413 1177 624 1283 putamus?
813 1196 816 1206 '
985 1206 988 1216 ·

145 1285 255 1386 Mihi
284 1285 443 1395 quidem
474 1316 553 1369 non
585 1288 687 1394 apud
732 1288 868 1369 Medos
901 1287 1037 1386 solum,
1049 1280 1141 1362 XII·

90 1415 135 1477 ut
167 1396 224 1476 ait
254 1397 486 1493 Herodotus,
516 1396 577 1478 sed
602 1396 720 1478 etiam
747 1400 846 1507 apud
880 1402 1039 1507 majores

90 1506 254 1605 nostros,
267 1507 423 1617 justitiae
435 1510 605 1589 fruendae
617 1509 737 1589 causs'a
757 1510 931 1591 videntur
944 1510 1041 1593 olim

91 1618 187 1710 bene
224 1618 361 1699 morati
399 1638 501 1729 reges
534 1618 742 1704 constituti.
800 1624 920 1719 Nam,
951 1622 1043 1711 clim
1098 1662 1105 1679 i

91 1751 333 1837 premeretur
354 1728 462 1839 inops
481 1730 691 1809 multitudo
715 1733 760 1811 ab
786 1730 844 1827 iis,
872 1731 1040 1841 qui'ma·
1135 1812 1136 1817 ,

86 1844 188 1948 joras
207 1871 301 1951 opes
320 1841 531 1938 habebant,'
553 1842 599 1921 ad
618 1871 744 1934 unum
763 1842 931 1950 aliquem
950 1870 1041 1925 con·
1151 1840 1153 1844 ¹

93 1953 308 2062 fugiebant,
348 1952 488 2034 uirtute
530 1951 785 2059 praestantem,
824 1953 905 2062 qui,
949 1952 1041 2037 clun

81 2061 346 2171 ¹''prohiberet
365 2063 502 2172 injurial
522 2063 725 2159 tenuiores,
755 2064 931 2172 aequitate
950 2095 1040 2157 con-
1129 2064 1131 2068 ⁸

94 2172 284 2257 ffituenda
325 2174 496 2272 summos
538 2202 630 2253 cum
660 2174 813 2255 infimis·
848 2173 927 2282 pari
953 2179 1043 2284 jure

95 2287 296 2381 retinebat.
353 2287 580 2394 Eademque
605 2284 956 2399 constituendarum
983 2289 1040 2369 le·
1123 2292 1126 2296 ’
1207 2368 1211 2377 ,

944 2426 1043 2508 gum
1164 2461 1167 2469 .

94 2624 199 2692 Laelius
211 2642 302 2686 autem
315 2627 387 2685 filius
395 2624 490 2684 sodalis
503 2642 560 2684 erat
577 2624 646 2699 ores]
667 2626 711 2683 Ita
733 2620 799 2685 MSi
822 2619 921 2680 Mead.
945 2622 1002 2702 ΐεε.Ι
1013 2627 1042 2682 &

95 2704 155 2779 ejus
176 2705 313 2784 Scipionis
334 2703 460 2763 Africani
481 2704 560 2764 Pauli
579 2704 655 2762 Mill.
670 2703 715 2762 sed
735 2701 876 2760 Vidlorius
897 2699 985 2759 edidit
998 2706 1042 2757 in-

94 2782 158 2855 filii,
192 2784 244 2864 qui
277 2783 370 2842 multis
397 2784 456 2860 post
482 2782 560 2840 annis
583 2785 678 2840 ‘uriam
692 2785 827 2846 tenuioris,
850 2779 925 2856 quod
938 2780 1044 2838 habent

95 2859 296 2940 Carthaginem
306 2861 408 2920 delevit
419 2864 491 2920 bello
503 2862 559 2920 Pu·
577 2878 631 2919 tres
655 2859 739 2938 Regii
762 2857 869 2917 codices
894 2878 957 2916 cum
982 2857 1069 2936 aliisl

96 2939 263 3012 uico-tertio,
277 2941 426 3020 floruitque
436 2941 507 2999 circa
519 2941 558 2998 U.
578 2939 740 2998 nonnullis:
764 2941 888 2994 tenuioris
909 2936 975 2995 veri>
995 2955 1041 2995 er-

97 3017 135 3076 C.
161 3022 227 3079 610.
253 3019 340 3096 didius
361 3019 474 3078 etiami
497 3019 559 3077 lite·
577 3037 637 3077 rote
652 3015 761 3075 videtur
777 3016 815 3073 ibi
837 3013 969 3090 scripturn
995 3011 1040 3072 fu·

96 3095 133 3153 tis
146 3104 172 3156 &
197 3097 310 3160 scientia
318 3102 426 3181 sapiens
441 3122 449 3166 ς
471 3097 558 3156 idern-
576 3097 621 3154 iffe
634 3117 685 3174 pro
694 3093 876 3152 tenuioribus:
898 3093 963 3152 Hoc
975 3092 1040 3171 qui·
1119 3149 1126 3158 ,

95 3194 226 3253 quecum
242 3175 370 3252 Scipione
379 3176 428 3233 illo
440 3177 489 3234 suo
499 3175 558 3232 Te‘-
577 3175 640 3233 dem
656 3171 871 3232 ciceronianum
881 3171 929 3242 est,
946 3189 976 3228 ut
989 3191 1040 3262 pa·

97 3255 180 3312 rentii
191 3254 301 3314 Comici
312 3248 463 3313 familiaiis.
490 3254 557 3312 Vid.
578 3257 617 3311 tet
642 3271 678 3311 ex
702 3249 781 3315 Nota
803 3267 863 3309 mea
886 3248 919 3303 ad
942 3247 962 3304 i.
993 3249 1039 3306 16.

97 3330 232 3392 ciceron.
268 3335 339 3391 Lael.
370 3353 397 3390 c.
434 3352 479 3407 24.
512 3351 558 3409 25·
578 3333 617 3388 At
652 3350 709 3387 non
730 3326 820 3384 minin
841 3325 866 3395 ,ὲ
901 3323 1040 3384 Cicerone
1074 3355 1079 3360 ⁸

96 3407 193 3470 Bentl.
215 3411 249 3470 ad
268 3413 341 3470 Hor.
366 3410 461 3468 Cann.
476 3409 514 3467 iv.
530 3415 558 3478 8,
576 3406 780 3488 agnoscendum
792 3403 829 3461 est
838 3403 988 3482 prohiberet
996 3411 1039 3462 in·

96 3486 228 3569 Tanaqu.
243 3489 324 3548 Fabr.
337 3489 373 3546 ad
385 3489 491 3547 Donat.
507 3487 557 3547 vit.
583 3488 654 3545 ‘aria
666 3491 805 3556 tenuiores,
826 3481 846 3540 i.
860 3503 886 3541 e.
900 3481 1039 3560 patienda.
1074 3491 1075 3494 ’

98 3565 215 3628 Terent.
228 3568 277 3626 sub
290 3568 385 3626 finem.
408 3565 556 3642 Chapman.
575 3566 621 3625 Sic
647 3564 722 3624 enim
742 3561 771 3619 in
798 3563 879 3619 Orat.
908 3581 958 3636 pro
981 3562 1038 3636 leg.
1064 3567 1071 3594 ³
1102 3557 1106 3566 ’

139 3648 186 3725 (g)
208 3653 256 3726 qui
270 3650 380 3725 sapiens
400 3643 557 3724 usurpatur]
575 3645 656 3702 Mau.
680 3663 706 3700 c.
736 3657 763 3716 7.
785 3646 839 3698 erit
863 3639 1040 3698 humanitatis

98 3717 158 3789 iie.
185 3724 233 3785 cui
264 3724 419 3784 communis
445 3744 500 3782 vox
532 3722 682 3802 Sinistra,
696 3741 819 3806 magnum
833 3724 1039 3775 earumciviurn

96 3799 227 3872 diuturna
258 3802 428 3862 consuetudo
459 3799 559 3859 tribuit
575 3822 708 3869 numerum
723 3799 877 3854 calamitate
889 3797 1036 3872 dffenderc.

98 3898 252 3958 cognomen
268 3881 404 3959 sapientis
420 3876 425 3886 ’
443 3879 498 3937 Sed
510 3878 557 3937 hic
576 3878 622 3952 En
638 3874 720 3954 Virg.
735 3876 806 3932 AEn.
817 3874 838 3933 i.
856 3891 920 3950 544.
1006 3873 1008 3878 ’

98 3958 172 4037 uocis
185 3961 275 4018 sensus
288 3958 430 4018 tariffimus
442 3957 491 4017 est.
550 4007 552 4011 .
612 3988 768 4001 —---
787 3953 896 4031 hrffpitio
913 3949 1039 4032 prohibe.

110 4035 184 4122 ,ihi
195 4037 556 4119 prohiberetinjuriatrnui·
650 4031 823 4099 mnrnrenae.
849 4089 851 4096 ,

595 4110 662 4188 Mi
